3084 3967
433 799 522 841 220

431 1386 517 1428 225

430 1971 516 2014 230

431 2558 518 2599 235

434 3250 520 3291 240

1525 367 1650 432 166

755 547 1005 613 Reddite
1048 551 1111 611 in
1155 559 1414 612 extrema
1455 570 1646 635 nuper
1688 548 1832 612 mihi
1875 547 1990 612 fine
2037 560 2316 623 senectae,

758 662 1247 750 Quandoquidem
1278 662 1517 729 fortuna
1560 687 1686 728 mea
1726 687 1793 727 ac
1820 678 1925 728 tua
1953 663 2177 728 fervida
2204 668 2395 755 „virtus

752 760 943 867 Eripit
984 783 1172 844 invito
1219 780 1362 844 mihi
1406 762 1482 857 te,
1533 784 1627 846 cui
1673 780 1951 868 languida
1993 781 2259 850 nondum

751 898 1002 961 Lumina
1043 909 1184 960 sunt
1226 900 1390 984 gnati
1434 920 1567 961 cara
1611 909 1872 961 saturata
1914 897 2123 984 figura,

750 1011 807 1076 N
808 1035 888 1077 on
932 1035 1040 1100 ego
1086 1026 1144 1076 te
1188 1013 1451 1101 gaudens
1496 1014 1736 1078 laetanti
1781 1027 2019 1100 pectore
2064 1016 2308 1091 mittam,

750 1127 870 1193 Nec
912 1142 971 1193 te
1016 1128 1164 1194 ferre
1211 1133 1397 1193 sinam
1441 1129 1714 1194 fortunae
1760 1133 1929 1217 signa
1975 1131 2280 1206 secundae,

753 1243 874 1310 Sed
901 1243 1169 1331 'primum
1214 1245 1426 1309 multas
1472 1268 1816 1332 expromam
1860 1259 2050 1310 mente
2096 1247 2378 1333 querelas,

755 1359 1042 1425 Canitiem
1084 1374 1239 1426 terra
1285 1375 1458 1449 atque
1503 1361 1702 1427 infuso
1748 1363 1991 1449 pulvere
2036 1362 2310 1441 foedans3

751 1477 890 1542 Inde
928 1476 1145 1546 infecta
1188 1500 1340 1566 vago
1388 1479 1744 1566 suspendam
1790 1478 1965 1543 lintea
2010 1479 2181 1556 malo,

748 1594 1002 1661 Nostros
1047 1607 1117 1658 ut
1159 1595 1352 1660 luctus
1397 1609 1751 1683 nostraeque
1796 1595 2062 1660 incendia
2106 1599 2314 1661 mentis

752 1709 1047 1776 Carbasus
1094 1710 1409 1799 obscurata
1453 1712 1620 1777 decet
1658 1712 1953 1800 ferrugine
1996 1712 2178 1777 lbera.

753 1827 928 1910 Quod
972 1826 1082 1891 tibi
1129 1830 1179 1891 si
1224 1832 1806 1899 sancti,concesserit
1848 1829 2041 1893 incola
2082 1829 2255 1906 Itoni,

754 1944 915 2027 Quae
943 1956 1215 2008 nostrum
1245 1967 1431 2032 genus
1468 1968 1534 2010 ac
1565 1945 1731 2010 sedes
1763 1945 2070 2039 defendere
2098 1946 2412 2011 Erechthei

749 2061 995 2136 Annuit,
1044 2072 1112 2123 ut
1156 2063 1310 2124 tauri
1355 2084 1660 2150 respergas
1707 2056 1994 2151 s'anguine
2039 2062 2323 2142 dextram,

752 2178 851 2242 Tu
895 2199 1035 2243 vero
1081 2175 1258 2241 facito
1306 2190 1373 2241 ut
1415 2183 1660 2243 memori
1702 2179 1813 2244 tibi
1859 2177 2096 2243 condita
2142 2179 2352 2244 corde

748 2294 905 2360 Haec
950 2296 1185 2380 vigeant
1228 2294 1517 2372 mandata,
1566 2318 1673 2360 nec
1715 2296 1834 2360 ulla
1881 2294 2152 2360 obliteret
2196 2288 2388 2362 aetas:

753 2409 831 2477 Ut
874 2410 1055 2495 simul<
1093 2433 1158 2474 ac
1200 2423 1440 2474 nostros
1485 2414 1742 2476 invisent
1786 2412 2004 2476 lumina
2049 2412 2231 2490 collis,

676 2570 721 2631 ',
752 2530 1068 2594 Funestam
1113 2539 1395 2591 antennae
1440 2526 1741 2614 deponant
1783 2527 2044 2615 undique
2092 2542 2328 2608 vestem,

754 2636 1133 2732 Candidaque
1177 2646 1383 2741 intorti
1430 2644 1744 2708 sustollant
1787 2645 1916 2709 vela
1960 2645 2255 2724 rudentes,

752 2761 995 2845 [Lucida
1039 2784 1157 2851 qua
1200 2759 1506 2849 splendent
1550 2764 1760 2825 summi
1806 2761 2097 2826 carchesia
2140 2760 2319 2847 mali,]

755 2880 942 2963 Quam
984 2884 1236 2967 primum
1285 2899 1520 2943 cernens
1569 2890 1636 2941 ut
1679 2878 1829 2942 laeta
1871 2876 2087 2967 gaudia
2131 2894 2320 2945 mente

750 2996 1102 3084 Agnoscam,
1137 3019 1268 3062 cum
1296 3009 1354 3060 te
1384 2995 1654 3060 reducem
1684 3008 1840 3060 aetas
1870 3018 2156 3084 prospera
2185 3001 2428 3064 sistets·

844 3228 1002 3293 Haec
1045 3229 1315 3294 mandata
1355 3231 1521 3316 prius
1567 3232 1859 3294 constanti
1902 3243 2089 3297 mente
2131 3244 2419 3297 tenentem

754 3349 984 3415 Thesea
1026 3366 1133 3410 ceu
1174 3347 1376 3432 pulsae
1421 3359 1730 3413 ventorum
1773 3346 2003 3413 flamine
2023 3326 2234 3412 'nubes
