3084 3967
412 526 469 566 45

414 1111 471 1151 50

414 1692 470 1733 55

415 2275 472 2314 60

417 2853 474 2895 65

1518 330 1642 392 144

607 507 798 574 Simul
841 514 969 597 ipsa
1012 521 1250 595 pectore
1295 507 1454 572 Attis
1504 529 1614 570 sua
1657 506 1809 571 facta
1852 507 2132 584 recoluit,

604 625 972 713 Liquidaque
1016 637 1207 688 mente
1251 623 1429 700 vidit,
1481 622 1605 687 sine
1654 627 1785 711 quis
1832 623 2054 711 ubique
2100 621 2283 697 foret,

604 741 822 812 Animo
869 753 1169 805 aestuante
1213 763 1451 804 rursum
1495 739 1749 804 reditum
1795 740 1871 803 ad
1915 739 2069 804 vada
2111 739 2324 804 tetulit.

604 855 692 919 Ibi
736 859 918 920 maria
963 869 1128 920 vasta
1171 860 1367 922 visens
1414 856 1850 922 lacrimantibus
1900 856 2104 932 oculis,

606 972 861 1036 Patriam
910 974 1160 1037 allocuta
1204 986 1425 1037 maesta
1471 987 1561 1038 est
1607 977 1688 1038 ita
1732 960 1877 1038 voce
1922 975 2235 1037 miscriter:

697 1089 935 1153 »Patria
982 1114 1016 1154 o
1064 1112 1191 1154 mea
1237 1093 1518 1166 creatrix,
1568 1094 1759 1176 patria
1805 1114 1839 1153 o
1887 1112 2016 1153 mea
2058 1092 2355 1176 genetrix,

605 1205 733 1291 Ego
783 1227 958 1292 quam
1005 1209 1180 1270 miser
1225 1205 1579 1294 relinquenS,
1631 1207 1903 1271 dominos
1949 1219 2018 1270 ut
2062 1205 2361 1292 herifugae

605 1321 833 1384 Famuli
880 1323 1098 1398 solent,
1149 1322 1222 1385 ad
1267 1322 1400 1385 ldae
1445 1323 1615 1387 tetuli
1658 1345 1900 1387 nemora
1942 1320 2179 1408 pedem,

612 1436 686 1501 Ut
731 1436 891 1524 apud
934 1442 1127 1503 nivem
1175 1453 1234 1505 et
1277 1438 1531 1504 serarum
1578 1440 1770 1528 gelida
1815 1439 2047 1504 stabula
2090 1439 2276 1503 forem

604 1552 683 1617 Et
727 1576 925 1619 earum
974 1560 1189 1621 omissa
1235 1556 1453 1621 adirem
1501 1556 1823 1622 furibunda
1868 1556 2137 1621 latibula:

607 1669 1007 1737 Ubinamaut
1052 1673 1268 1761 quibus
1315 1675 1460 1737 locis
1507 1686 1565 1738 te
1610 1677 1895 1761 positam,
1944 1675 2184 1760 patria,
2211 1670 2390 1735 reor?

609 1786 793 1874 Cupit
833 1792 965 1875 ipsa
1007 1789 1229 1876 pupula
1278 1789 1355 1852 ad
1398 1803 1456 1853 te
1504 1784 1617 1853 sibi
1665 1789 1913 1876 dirigere
1961 1792 2167 1864 aciem,
2444 1852 2466 1888 1

604 1903 792 1969 Rabie
837 1904 959 1969 fera
1003 1927 1202 1968 carens
1250 1903 1391 1968 dum
1433 1903 1612 1969 breve
1656 1919 1887 1991 tempus
1935 1909 2162 1969 animus
2209 1918 2315 1968 est.

604 2021 812 2107 Egone
859 2044 894 2083 a
936 2042 1063 2084 mea
1107 2034 1333 2086 remota
1377 2022 1518 2085 haec
1559 2020 1713 2085 ferar
1757 2026 1819 2086 in
1862 2045 2103 2086 nemora
2148 2020 2371 2084 domo?

606 2135 832 2213 Patria,
882 2135 1075 2214 boniS‚
1125 2142 1341 2215 amicis,
1389 2140 1760 2225 genitoribus
1807 2138 2032 2204 abero?

609 2251 810 2316 Abero
851 2252 1013 2330 soro,
1060 2255 1377 2340 palaestra,
1428 2256 1641 2332 stadio,
1690 2269 1747 2319 et
1791 2254 2157 2343 gymnasiis?

605 2370 788 2433 Miser
833 2370 911 2433 ah
956 2373 1148 2447 miser,
1197 2371 1561 2458 querendum
1607 2386 1697 2437 est
1741 2375 1913 2435 etiam
1960 2384 2136 2458 atque
2178 2374 2375 2445 etiam,
2426 2374 2632 2433 anime.

609 2485 785 2570 Quod
832 2490 984 2550 enim
1029 2509 1214 2574 genus
1259 2488 1481 2575 figurae
1528 2502 1646 2566 est,
1697 2511 1805 2576 ego
1852 2511 1974 2553 non
2022 2486 2186 2575 quod
2233 2486 2518 2550 obierim?

606 2602 735 2690 Ego
781 2604 1007 2680 mulier,
1057 2626 1166 2690 ego
1214 2603 1571 2681 adolescens,
1623 2627 1731 2692 ego
1780 2603 2062 2692 ephebuS,
2111 2626 2219 2690 ego
2266 2625 2433 2689 puer,

606 2719 752 2806 Ego·
784 2723 1053 2807 gymnasi
1100 2719 1186 2784 fui
1229 2720 1361 2797 flos,
1410 2742 1520 2808 ego
1569 2744 1726 2785 eram
1773 2720 1949 2785 decus
2000 2720 2139 2783 olei:

610 2835 761 2898 Mihi
805 2839 1011 2900 ianuae
1056 2837 1407 2924 frequenteS,
1454 2838 1594 2901 mihi
1642 2839 1841 2901 limina
1883 2835 2109 2922 tepida,

608 2951 759 3016 Mihi
804 2951 1030 3016 floridis
1079 2955 1313 3018 corollis
1357 2953 1626 3018 redimita
1672 2953 1884 3017 domus
1932 2966 2085 3030 erat,

492 3159 498 3166 .
608 3067 1019 3155 Linquendum
1065 3070 1168 3134 ubi
1215 3083 1367 3134 esset
1413 3083 1546 3135 orto
1596 3070 1742 3134 mihi·
1783 3070 1907 3165 sole
1954 3070 2303 3134 cubiculum.

608 3183 738 3270 Ego
785 3207 942 3248 nunc
987 3184 1159 3247 deum
1202 3189 1467 3250 ministra
1513 3199 1573 3250 et
1603 3172 1868 3273 ,Cybeles
1915 3186 2133 3250 famula
2175 3183 2367 3247 ferar?

608 3301 739 3388 Ego
785 3301 1054 3378 Maenas,
1105 3322 1214 3387 ego
1262 3305 1374 3365 mei
1417 3325 1576 3388 pam,
1626 3324 1734 3389 ego
1782 3306 1876 3366 vir
1920 3302 2131 3366 sterilis
2178 3299 2328 3363 ero?
