3084 3967
456 549 540 590 145

455 1134 541 1176 150

452 1718 539 1759 155

451 2304 537 2345 160

450 2885 536 2927 165

1545 354 1672 418 160

779 532 953 599 Nulla
999 536 1109 598 viri
1155 547 1348 621 speret
1393 556 1691 599 sermones
1739 555 1864 598 esse
1908 532 2140 611 fideles3

780 650 922 735 Quis
971 651 1107 716 dum
1153 651 1389 738 aliquid·
1421 653 1660 738 cupiens
1707 652 1934 715 animus
1980 651 2300 737 praegestit
2343 650 2554 735 apisci,

775 767 871 831 Nil
916 781 1184 833 metuunt
1228 771 1448 846 iurare,
1499 767 1647 831 nihil
1691 770 2031 854 promittere
2077 778 2355 853 parcuntz

777 884 897 949 Sed
941 885 1111 948 simul
1157 907 1223 949 ac
1268 884 1513 972 cupidae
1558 887 1768 949 mentis
1816 886 2024 948 satiata
2069 882 2252 947 libido
2302 895 2417 960 est,

774 1000 943 1067 Dicta
989 1002 1135 1066 nihil
1177 1014 1464 1079 metuere,
1512 1001 1661 1066 nihil
1704 1004 1960 1088 periuria
2007 1012 2230 1063 curant.

779 1116 947 1184 Certe
993 1141 1102 1207 ego
1148 1132 1205 1183 te
1251 1121 1312 1182 in
1357 1117 1549 1183 medio
1596 1130 1923 1182 versantem
1968 1116 2203 1182 turbine
2247 1117 2347 1181 leti

775 1233 1010 1320 Eripui‚
1061 1248 1120 1299 et
1161 1238 1362 1321 potius
1408 1256 1750 1322 germanum
1796 1236 2056 1298 amittere
2104 1236 2288 1311 crevi,

779 1348 964 1432 Quam
1004 1350 1118 1415 tihi
1163 1350 1348 1415 fallaci
1396 1373 1672 1439 supremo
1703 1325 1779 1415 'in
1824 1363 2086 1436 tempore
2135 1349 2410 1414 deessem.

774 1465 891 1531 Pro
940 1489 1059 1555 quo
1109 1467 1474 1533 dilaceranda
1519 1467 1657 1532 feris
1707 1466 1894 1563 dabor
1939 1466 2293 1554 alitibusque

773 1581 1024 1662 Praeda,
1071 1605 1260 1671 neque
1303 1588 1511 1649 iniecta
1556 1582 1898 1673 tumulabor
1940 1596 2175 1648 mortua
2219 1597 2392 1648 terra.

778 1698 1076 1782 Quaenam
1121 1714 1178 1765 te
1224 1704 1428 1789 genuit
1472 1702 1599 1766 sola
1645 1700 1757 1766 sub
1802 1722 1949 1788 rupe
1992 1699 2235 1768 leaena?

776 1816 953 1900 Quod
996 1839 1153 1881 mare
1199 1831 1545 1904 conceptum
1592 1816 2002 1906 spumantibus
2049 1820 2288 1904 exspuit
2331 1817 2551 1882 undis?

777 1932 938 2017 Quae
981 1932 1196 2021 Syrtis,
1245 1956 1394 2022 quae
1427 1933 1625 2022 Scylla
1668 1958 1873 2023 rapax,
1924 1956 2073 2022 quae
2103 1947 2272 1998 vasta
2304 1932 2657 2022 Charybdis,

777 2050 943 2113 Talia
991 2053 1093 2137 qui
1136 2050 1333 2114 reddis
1378 2074 1489 2139 pro
1539 2049 1694 2115 dulci
1739 2055 1996 2138 praemia
2038 2051 2203 2116 vita?

688 2170 693 2181 ‘
774 2166 841 2231 Si
886 2166 993 2230 tibi
1037 2189 1161 2231 non
1206 2166 1370 2232 cordi
1414 2167 1648 2234 fuerant
1692 2168 1946 2234 conubia
1990 2182 2223 2244 nostra,

777 2282 967 2349 Saeva
1011 2283 1177 2372 quod
1220 2284 1504 2350 horrebas
1549 2288 1728 2372 prisci
1770 2299 2077 2372 praecepta
2120 2267 2401 2373 parentis‚'

771 2389 855 2468 At'
898 2413 1091 2466 tamen
1135 2403 1196 2464 in
1241 2415 1465 2467 vestras
1509 2405 1762 2489 potuisti
1810 2403 2017 2468 ducere
2064 2402 2248 2480 sedeS,

775 2518 935 2602 Quae
981 2517 1090 2582 tihi
1133 2517 1392 2582 iucundo
1439 2517 1751 2583 famularer
1794 2542 1963 2584 serva
2006 2519 2235 2598 labore,
2294 2602 2298 2607 ,

775 2633 1040 2700 Candida
1083 2634 1447 2721 permulcens
1494 2636 1731 2723 liquidis
1774 2640 2020 2724 vestigia
2064 2635 2320 2723 lymphis

770 2751 1151 2839 Purpureave
1195 2763 1364 2816 tuum
1412 2766 1789 2817 consternens
1837 2767 1996 2818 veste
2043 2750 2250 2816 cubile.

774 2866 892 2931 Sed
939 2868 1083 2955 quid
1127 2848 1236 2957 ego
1282 2870 1501 2956 ignaris
1545 2872 1901 2957 nequiquam
1947 2891 2278 2957 conqueror
2321 2871 2498 2946 auriS‚

770 2982 1090 3050 Externata
1134 2987 1307 3064 malo,
1357 3008 1505 3073 quae
1552 2987 1726 3051 nullis
1773 2986 2040 3052 sensibus
2087 3001 2287 3052 auctae

771 3099 892 3164 Nec
935 3105 1142 3166 missas
1189 3102 1390 3167 audire
1438 3094 1680 3191 queunt
1707 3127 1811 3169 nec
1853 3105 2094 3170 reddere
2141 3103 2359 3169 voces?

769 3217 868 3283 Ille
915 3230 1105 3282 autem
1150 3242 1337 3307 prope
1381 3224 1496 3285 iam
1539 3222 1745 3287 mediis
1792 3236 2058 3288 versatur
2100 3225 2161 3286 in
2206 3222 2399 3299 undiS,

769 3334 890 3402 Nec
935 3339 1247 3423 quisquam
1292 3351 1534 3424 apparet
1578 3362 1760 3404 vacua
1804 3340 2066 3404 mortalis
2111 3342 2174 3403 in
2217 3339 2365 3427 alga.
