3084 3967
410 905 497 949 245

411 1486 499 1529 250

408 2072 496 2115 255

411 2655 498 2699 260

414 3237 499 3277 265

1506 350 1630 418 168

731 532 976 600 Acrium
1017 534 1174 597 nivei
1216 534 1435 596 montis
1479 506 1702 619 liquere
1749 553 2038 597 cacumen.

729 650 814 714 At
852 662 1037 738 pater,
1081 661 1151 712 ut
1188 671 1415 712 summa
1452 661 1834 736 prospectum
1874 672 1951 714 ex
1974 642 2148 730 ,arces
2161 648 2414 737 petebat,

731 767 929 832 Anxia
972 768 1035 828 in
1078 764 1350 829 assiduos
1397 764 1710 830 absumens
1757 766 1977 830 lumina
2018 765 2212 844 fletus,

738 882 886 948 Cum
933 884 1186 968 primum
1229 880 1471 946 infausti
1518 885 1830 970 conspexit
1873 880 2072 946 lintea‘
2094 882 2225 959 veli,

729 1000 1111 1085 Praecipitem
1156 1021 1281 1064 sese
1327 999 1709 1086 scopulorum
1757 1022 1787 1063 e
1833 1003 2046 1064 vertice
2091 1002 2239 1077 iecit,
2333 1032 2354 1043 -

732 1091 1031 1182 Amissum
1077 1114 1315 1179 credens
1359 1118 1567 1179 immiti
1616 1116 1846 1181 Thesea
1889 1115 2032 1181 fato.

735 1233 834 1299 Sic
877 1231 1107 1296 funesta
1153 1230 1385 1296 domus'
1412 1235 1712 1320 ingressus
1759 1246 1911 1297 tecta
1953 1246 2197 1320 paterna

729 1350 927 1416 Morte
969 1347 1141 1412 ferox
1186 1347 1473 1437 TheseuS,
1523 1349 1753 1436 qualem
1797 1349 2054 1421 Minoidi,
2094 1350 2318 1415 luctum

738 1465 1045 1533 Obtulerat
1087 1444 1277 1530 mente
1323 1468 1666 1544 immemori,
1713 1466 1886 1531 talem
1930 1469 2056 1552 ipse
2098 1470 2334 1555 recepit.

733 1583 895 1666 Quae
939 1595 1132 1647 tamen
1177 1595 1482 1671 aspectans
1529 1582 1826 1650 cedentem
1869 1596 2091 1647 maesta
2137 1587 2387 1649 carinam

727 1700 1083 1787 Multiplices
1130 1702 1322 1763 animo
1369 1700 1649 1765 volvebat
1693 1704 1891 1765 saucia
1936 1722 2125 1764 curas·

729 1818 814 1883 At
856 1830 1023 1905 parte
1069 1838 1145 1881 ex
1189 1816 1301 1880 alia
1342 1816 1563 1881 florens
1610 1817 1897 1882 volitabat
1939 1816 2177 1882 Iacchus

733 1935 885 2002 Cum
927 1933 1120 1998 thiaso
1171 1932 1524 2021 Satyrorum
1571 1946 1630 1998 et
1673 1933 1989 2023 Nysigenis
2038 1934 2268 2014 silenis,

734 2053 822 2117 Te
868 2072 1172 2139 quaerens,
1221 2049 1500 2128 Ariadna,
1549 2063 1775 2138 tuoque
1820 2055 2090 2116 incensus
2139 2075 2350 2118 amore.

736 2169 853 2252 Qui
893 2181 1019 2232 tum
1058 2166 1271 2231 alacres
1312 2171 1531 2255 passim
1572 2168 1878 2255 lymphata
1918 2182 2108 2233 mente
2148 2168 2436 2249 furebant,

729 2286 940 2353 Euhoe
983 2282 1351 2361 bacchanteS‚
1402 2284 1592 2348 euhoe
1638 2288 1827 2372 capita
1871 2285 2246 2350 inflectentes·

729 2406 959 2471 Horum
1001 2424 1140 2490 pars
1185 2413 1339 2465 tecta
1385 2400 1726 2489 quatiebant
1770 2401 2010 2488 cuspide
2056 2402 2317 2489 thyrsos,

730 2523 875 2588 Pars
923 2543 953 2586 e
1000 2518 1233 2584 divulso
1279 2517 1573 2582 iactabant
1615 2517 1875 2583 membra
1918 2522 2186 2596 iuvenco,

730 2640 878 2706 Pars
926 2660 1051 2702 sese
1094 2638 1267 2700 tortis
1314 2634 1685 2723 serpentibus
1730 2635 2120 2724 incingebant,

732 2756 878 2821 Pars
927 2755 1179 2820 obscura
1222 2756 1380 2818 cavis
1427 2752 1796 2818 celebrabant
1843 2757 2007 2842 orgia
2053 2756 2230 2831 cistis,

629 2859 636 2866 ⁸
735 2873 932 2962 Orgia,
982 2895 1131 2960 quae
1176 2871 1396 2935 frustra
1440 2875 1690 2958 cupiunt
1733 2870 1935 2935 audire
1980 2870 2244 2957 profani3

733 2988 1096 3078 Plangcbant
1139 2989 1235 3053 alii
1280 2991 1539 3077 proceris
1586 3002 1863 3075 tympana
1910 2988 2117 3074 palmis

737 3107 865 3173 Aut
906 3109 1073 3169 tereti
1116 3118 1320 3171 tenues
1365 3085 1612 3170 tinnitus
1660 3125 1790 3168 acre
1837 3103 2093 3184 ciebant;
2180 3193 2185 3199 .

735 3223 941 3290 Multis
985 3225 1329 3287 raucisonos
1373 3221 1654 3317 efflabant
1698 3244 1919 3286 cornua
1959 3221 2212 3288 bombos

734 3339 1111 3428 Barbaraquc
1153 3338 1421 3405 horribili
1467 3338 1752 3404 stridebat
1794 3339 1939 3405 tibia
1983 3352 2176 3404 cantu.
