3084 3967
460 2073 515 2111 10

460 2653 515 2694 15

1527 370 1659 435 250

1179 759 1372 821 XClX.
1433 762 1532 820 AD
1575 761 1994 820 IUVENTIUM.

714 969 1015 1091 Surripui
1059 1005 1201 1082 tibi,
1252 1005 1390 1069 dum
1437 1004 1612 1083 ludis,
1664 1006 1874 1071 mellite
1919 1007 2176 1083 Iuventi,

801 1120 1109 1185 Saviolum
1155 1121 1310 1186 dulci
1358 1121 1587 1186 dulcius
1635 1122 1949 1186 ambrosia.

710 1239 932 1303 Verum
978 1237 1041 1300 id
1085 1260 1206 1301 non
1253 1240 1491 1325 impune
1537 1239 1675 1302 tuli:
1723 1261 1975 1326 namque
2022 1239 2272 1327 amplius
2318 1240 2527 1305 horam

800 1352 1101 1420 Suffixum
1145 1355 1207 1418 in
1253 1377 1481 1441 suguma
1525 1377 1618 1419 me
1664 1357 1899 1419 memini
1945 1378 2071 1420 esse
2118 1378 2317 1433 cruce,

712 1470 1023 1540 Dum.tihi
1067 1493 1157 1535 me
1203 1451 1402 1559 purgo
1445 1495 1551 1536 nec
1596 1496 1842 1559 possum
1886 1472 2126 1562 fletibus
2170 1473 2304 1537 ullis

801 1563 1125 1653 Tantillum
1170 1601 1399 1654 vestrae
1448 1589 1675 1653 demere
1723 1593 2016 1653 saevitiae.

709 1704 857 1770 Nam
891 1706 1081 1768 -simul
1125 1704 1187 1768 id
1234 1704 1451 1769 factum
1496 1719 1615 1783 est,
1664 1707 1865 1770 multis
1913 1705 2099 1770 diluta
2142 1705 2350 1770 labella

801 1821 998 1886 Guttis
1046 1821 1322 1886 abstersti
1368 1821 1644 1886 omnihus
1691 1823 1970 1900 articuliS‚

708 1939 796 2005 Ne
844 1941 1159 2027 quicquam
1204 1950 1412 2003 nostro
1463 1950 1828 2002 contractum
1875 1962 1949 2003 ex
1998 1962 2099 2005 ore
2143 1909 2451 2016 manet-ets

802 2055 1114 2143 Tanquam
1158 2058 1495 2119 commictae
1539 2077 1756 2142 spurca
1801 2055 1984 2121 saliva
2025 2058 2218 2144 lupae.

647 2195 655 2202 ·
707 2176 1017 2239 Praeterea
1061 2171 1273 2237 infesto
1322 2174 1599 2237 miserum
1645 2195 1736 2236 me
1780 2173 2008 2238 tradere
2056 2175 2239 2237 amori

797 2289 935 2354 Non
981 2291 1221 2353 cessasti
1269 2291 1546 2377 omnique
1593 2293 1928 2355 excruciare
1971 2289 2173 2367 modo,

710 2407 790 2474 Ut
833 2408 912 2470 mi
958 2427 1035 2469 ex
1079 2403 1374 2469 ambrosia
1417 2418 1709 2471 mutatum
1755 2409 1870 2470 iam
1917 2406 2070 2471 foret
2115 2406 2261 2472 illud

800 2522 1104 2588 Saviolum
1150 2525 1307 2586 tristi
1352 2524 1583 2598 tristius
1628 2522 1951 2587 helleboro,

712 2640 902 2724 Quam
946 2642 1225 2725 quoniam
1273 2662 1523 2727 poenam
1572 2643 1785 2704 misero
1832 2643 2122 2727 proponis
2168 2644 2384 2716 amori,

796 2754 1114 2847 Nunquam
1159 2761 1273 2821 iam
1318 2758 1572 2845 posthac
1616 2755 1782 2821 basia
1827 2759 2159 2843 surripiam.
