3084 3967
1450 366 1582 431 220
1634 332 1637 335 ’

1129 697 1370 756 LXXIII.
1432 696 1530 754 AD
1571 692 1899 756 LESBIAM.

546 863 820 966 Dicebas
866 897 1183 987 quondam,
1233 898 1425 964 solum
1470 913 1526 965 te
1572 922 1749 964 nosse
1798 897 2111 975 Catullum,

633 1017 863 1094 Lesbia,
909 1038 1016 1080 nec
1058 1038 1200 1103 prae
1244 1039 1335 1081 me
1381 1018 1525 1083 velle
1572 1029 1766 1083 tenere
1811 1017 2029 1082 Iovem.

545 1135 738 1201 Dilexi
782 1146 909 1198 tum
954 1146 1012 1198 te
1058 1157 1179 1198 non
1219 1147 1452 1215 =tantum
1498 1148 1568 1199 ut
1612 1135 1826 1222 vulgus
1874 1137 2131 1211 amicam,

632 1238 748 1315 Sed
795 1263 963 1338 pater
1010 1264 1077 1315 ut
1119 1261 1332 1338 gnatos
1383 1249 1572 1338 diligit
1619 1263 1675 1314 et
1720 1271 1987 1337 generos,

381 1387 407 1428 5
544 1368 714 1434 Nunc
758 1381 816 1432 te
864 1371 1153 1456 cognovi:
1200 1389 1380 1454 quare
1427 1370 1537 1431 etsi
1580 1370 1905 1454 impensius
1949 1390 2111 1445 uror,

427 1472 433 1479 ¹
631 1486 823 1551 Multo
870 1488 948 1549 mi
994 1497 1187 1549 tamen
1237 1506 1296 1548 es
1344 1484 1518 1549 vilior
1564 1497 1621 1549 et
1664 1485 1868 1548 levior.

547 1603 662 1687 Qui
718 1606 877 1690 potis
936 1601 1068 1666 est?
1126 1605 1340 1689 inquis,
1438 1601 1617 1685 Quod
1652 1578 1958 1665 'amantem
2017 1603 2230 1665 iniuria
2285 1601 2417 1666 talis

634 1719 812 1808 Cogit
856 1742 1048 1784 amare
1094 1722 1298 1807 magiS‚
1349 1718 1454 1783 sed
1497 1718 1644 1783 hene
1694 1718 1836 1784 velle
1884 1722 2097 1783 minuS.

1101 2214 1346 2271 LXXIV.
1409 2214 1482 2271 ΙΝ
1521 2214 1916 2275 INGRATUM.

544 2382 787 2484 Desine
836 2418 906 2483 de
954 2439 1255 2505 quoquam
1302 2419 1613 2505 quicquam
1657 2416 1808 2482 bene
1854 2418 1998 2483 velle
2044 2424 2251 2489 mereri

629 2537 758 2602 Aut
800 2536 1050 2623 aliquem
1095 2534 1221 2599 fieri
1266 2556 1444 2621 posse
1489 2547 1699 2622 putare
1745 2539 1928 2623 pium.

485 2644 499 2657 ’
545 2653 754 2721 Omnia
798 2665 941 2718 sunt
982 2656 1229 2740 ingrata,
1278 2652 1426 2716 nihil
1469 2650 1672 2717 fecisse
1718 2652 1996 2743 benigne:

629 2771 809 2834 Immo
858 2772 1031 2834 etiam
1075 2768 1288 2847 taedet,
1338 2772 1389 2833 si
1431 2769 1516 2846 fit,
1568 2768 1853 2858 obestque
1898 2776 2117 2861 magis3

384 2903 409 2945 5
548 2887 627 2954 Ut
669 2887 843 2976 mihi„
881 2909 1052 2973 quem
1099 2909 1268 2952 nemo
1315 2888 1557 2976 gravius
1603 2911 1709 2953 nee
1753 2888 2016 2953 acerbius
2065 2903 2310 2979 urget‚.‘

568 3046 586 3079 2
634 3003 822 3087 Quam
851 3004 1029 3068 modo
1063 3008 1166 3095 qui
1197 3028 1286 3070 me
1317 3028 1500 3070 unum
1532 3018 1707 3093 atque
1739 3009 1976 3072 unicum
2006 3011 2251 3073 amicum
2286 3008 2508 3075 habuit.
