3084 3967
1469 370 1596 433 222

1169 697 1389 754 LXXV.
1451 697 1525 755 IN
1567 696 1894 755 GELLIUM.

617 858 862 977 Gellius·
906 886 1171 962 audierat
1215 912 1493 985 patruum
1544 898 1859 986 obiurgare
1904 897 2110 974 solere,

701 1012 766 1078 Si
813 1016 945 1101 quis
995 1014 1227 1079 delicias
1276 1014 1491 1079 diceret
1535 1028 1641 1080 aut
1683 1015 1914 1080 faceret.

608 1129 737 1193 Hoc
783 1152 855 1193 ue
900 1132 1015 1216 ipsi
1061 1130 1363 1207 accideret,
1411 1135 1609 1217 patrui
1652 1131 1997 1218 perdepsuit
2039 1134 2226 1218 ipsam

700 1243 975 1324 Uxorem,
1024 1259 1083 1312 et
1123 1259 1397 1335 patruum
1444 1247 1701 1312 reddidit
1742 1248 2182 1335 Harpocratem.

617 1362 795 1446 Quod
824 1364 1033 1439 voluit,
1069 1361 1233 1428 fecit:
1275 1386 1429 1440 nam,
1470 1368 1738 1452 quamvis
1780 1367 2026 1430 irrumet
2065 1367 2258 1452 ipsum

698 1479 869 1545 Nunc
912 1493 1212 1569 patruum,
1260 1482 1506 1547 verbum
1552 1506 1674 1549 non
1720 1481 1892 1547 saciet
1934 1495 2203 1571 patruuS.

1322 1743 1743 1753 —n-——a———-*—

1095 2064 1100 2069 .
1148 1981 1392 2040 Lxxvl.
1454 1981 1553 2038 An
1595 1978 1921 2038 LESBIAM.

609 2142 811 2248 Nulla
856 2195 1054 2270 potest
1098 2183 1306 2246 mulier
1350 2194 1581 2247 tantum
1627 2204 1689 2246 se
1736 2180 1923 2246 dicere
1970 2169 2225 2245 amatam‘

697 2300 871 2376 Vere,
922 2312 1207 2387 quantum
1252 2322 1287 2363 a
1330 2321 1420 2362 me
1467 2297 1679 2362 Lesbia
1726 2272 1915 2362 amata
1958 2321 2086 2363 mea
2130 2320 2225 2373 es;

613 2414 789 2480 Nulla
831 2416 976 2481 fides
1023 2417 1145 2480 ullo
1193 2414 1306 2478 fuit
1348 2436 1613 2502 unquam
1658 2414 1892 2479 foedere
1936 2428 2117 2493 tanta,

702 2532 934 2615 Quanta
977 2536 1041 2597 in
1085 2554 1281 2596 amore
1327 2544 1432 2595 tuo
1481 2554 1558 2596 ex
1601 2544 1767 2619 parte
1810 2545 2043 2618 reperta
2087 2554 2214 2596 mea
2258 2544 2364 2596 est.

613 2646 785 2729 Nunc
828 2663 918 2715 est
960 2672 1122 2713 mens
1170 2648 1416 2713 deducta
1460 2659 1581 2725 tua,
1630 2670 1755 2713 mea
1799 2648 2028 2726 Lesbia,
2079 2649 2249 2735 culpa

699 2766 899 2853 Atque
943 2770 1027 2830 ita
1072 2789 1133 2831 se
1180 2764 1375 2830 officio
1421 2764 1681 2851 perdidit
1724 2767 1855 2852 ipsa
1898 2788 2029 2842 suo,

615 2877 694 2946 Ut
739 2885 853 2945 iam
895 2904 1002 2947 nec
1045 2881 1192 2948 bene
1239 2882 1384 2948 velle
1431 2895 1610 2969 queat
1653 2882 1783 2959 tibi,
1831 2886 1882 2946 si
1928 2885 2149 2968 optima
2192 2881 2318 2958 fiaS‚

700 2995 820 3061 Nec
867 2997 1140 3064 desistere
1188 3021 1396 3089 amare,
1448 3002 1644 3063 omnia
1690 3001 1740 3063 si
1784 2997 1980 3063 facias,
2027 3035 2043 3043 —

1321 3269 1744 3278 ...-.-——————-
