3084 3967
483 548 569 591 1⁷0

480 1131 565 1173 1⁷5

477 1717 564 1760 180

475 2299 562 2341 185

472 2882 559 2924 190

1578 362 1700 427 162

808 538 907 605 Sic
950 543 1120 605 nimis
1167 541 1453 606 insultans
1501 554 1763 606 extremo
1812 554 2074 629 tempore
2121 542 2293 608 saeva

802 656 952 722 Fors
999 661 1170 722 etiam
1215 662 1435 722 nostris
1481 657 1694 721 invidit
1738 656 2044 746 questibus
2091 663 2268 725 auriS.

800 774 1062 861 Iuppiter
1108 759 1509 861 omnipotenS,
1560 778 1782 839 utinam
1828 797 1900 847 ne
1944 787 2209 862 tempore
2252 778 2443 861 primo

804 888 1025 954 Gnosia
1073 887 1392 976 Cecropiae
1437 892 1767 978 tetigissent
1809 894 1984 957 litora
2029 913 2288 978 puppes;

799 1005 1091 1070 Indomito
1137 1029 1242 1071 nec
1288 1006 1415 1070 dira
1458 1006 1648 1070 ferens
1694 1006 1985 1094 stipendia
2028 1021 2200 1071 tauro

801 1120 1070 1186 Perfidus
1116 1126 1178 1186 in
1226 1121 1454 1188 Cretam
1500 1123 1803 1210 religasset
1844 1127 2043 1187 navita
2086 1123 2316 1202 funem3

798 1234 920 1301 Nec
963 1239 1149 1302 malus
1196 1239 1308 1317 hic,
1358 1239 1548 1303 celans
1597 1237 1752 1303 dulci
1797 1238 2053 1304 crudelia
2095 1239 2285 1304 forma

803 1352 1096 1431 Consilia,
1130 1357 1193 1419 in
1237 1359 1458 1420 nostris
1502 1358 1827 1443 requiesset
1871 1355 2108 1420 sedibus
2154 1357 2402 1443 hospes!

800 1468 946 1535 Nam
995 1495 1114 1560 quo
1161 1495 1251 1536 me
1296 1471 1584 1537 referam?
1630 1472 1789 1560 quali
1833 1495 1937 1559 spe
1981 1473 2210 1559 perdita
2254 1473 2457 1538 nitor?

799 1587 1077 1653 Idaeosne
1121 1602 1316 1677 petam
1359 1589 1634 1654 montes?
1680 1590 1757 1653 ah
1799 1591 2031 1678 gurgite
2074 1590 2194 1653 lato

800 1703 1148 1769 Discernens
1178 1720 1399 1793 pontus
1429 1703 1829 1775 truculentum
1857 1704 1963 1769 ubi
1994 1704 2205 1769 dividit
2233 1688 2495 1792 aequor?

798 1821 897 1885 An
940 1826 1125 1908 patris
1173 1823 1458 1888 auxilium
1503 1845 1748 1909 sperem,
1799 1844 2045 1908 quemne
2088 1825 2220 1908 ipsa
2263 1822 2489 1909 reliqui,

796 1937 1154 2023 Respersum
1198 1941 1463 2004 iuvenem
1509 1938 1767 2003 fraterna
1812 1937 1982 2002 caede
2026 1937 2268 2002 secuta?

801 2052 1086 2140 Coniugis
1133 2076 1207 2118 an
1250 2053 1371 2118 fido
1421 2056 1691 2120 consoler
1734 2068 1944 2120 memet
1986 2076 2201 2131 amore,

802 2167 991 2252 Quine
1036 2168 1205 2256 sugit,
1252 2170 1443 2244 lentos
1489 2175 1804 2236 incurvans
1849 2173 2082 2259 gurgite
2126 2170 2363 2235 remos?
2424 2167 2433 2176 ’

798 2285 1107 2349 Praeterea
1150 2286 1312 2350 nullo
1360 2288 1520 2363 litus,
1569 2286 1697 2350 sola
1739 2287 1948 2364 insula,
1994 2300 2168 2364 tecto,

796 2402 916 2466 Nec
959 2415 1121 2489 patet
1169 2425 1439 2491 egressus
1483 2399 1676 2491 pelagi
1725 2402 2091 2491 cingentibus
2135 2403 2343 2469 undis:

795 2517 969 2583 Nulla
1013 2488 1185 2607 fugae
1230 2522 1402 2596 ratio,
1450 2519 1613 2585 nulla
1657 2541 1820 2606 spes:
1868 2523 2062 2584 omnia
2105 2535 2327 2598 muta,-

798 2634 1008 2700 Omnia
1054 2650 1196 2701 sunt
1240 2636 1484 2713 deserta,
1536 2649 1834 2729 ostentant
1878 2640 2073 2701 omnia
2115 2639 2312 2702 letum.

794 2751 931 2816 Non
974 2766 1169 2818 tamen
1214 2765 1347 2817 ante
1392 2752 1535 2817 mihi
1581 2753 1956 2840 languescent
1996 2755 2219 2818 lumina
2259 2767 2464 2832 morte,

796 2867 916 2931 Nec
959 2873 1126 2956 prius
1174 2893 1209 2933 a
1250 2869 1408 2933 fesso
1455 2868 1726 2963 secedent
1770 2891 2016 2957 corpore
2061 2892 2288 2948 sensuS,

798 2983 984 3067 Quam
1029 2989 1243 3049 iustam
1289 3008 1326 3049 a
1371 2984 1523 3050 divis
1570 2971 1885 3073 exposcam
1926 2987 2167 3074 prodita
2209 2989 2467 3064 multam,

800 3098 1246 3189 Caelestumque
1289 3102 1461 3168 fidem
1507 3117 1807 3191 postrema
1852 3125 2182 3192 comprecer
2225 3106 2391 3170 hora.

797 3216 1007 3300 Quare,
1055 3217 1207 3282 facta
1254 3222 1444 3284 virum
1487 3222 1801 3287 multantes
1846 3220 2075 3287 vindice
2117 3244 2326 3309 poena,

790 3333 1158 3414 Eumenides,
1208 3336 1425 3423 quibus
1474 3341 1735 3427 anguino
1780 3337 2048 3403 redimita
2091 3338 2299 3424 capillo
2407 3415 2413 3420 ,
