3084 3967
466 635 520 677 10

463 1217 520 1263 15

466 1804 521 1847 20

468 2389 524 2432 25

472 2971 528 3011 30

1548 314 1670 378 102

966 494 1296 570 »Aulum«,
1344 506 1402 558 te
1449 496 1534 557 sic
1578 495 1704 579 ipse
1751 489 2105 579 flagitabam,

964 610 1338 676 »Camerium
1382 610 1546 686 mihi,
1595 612 1880 697 pessimae
1925 608 2201 696 puellae«

963 725 1263 810 Quaedam
1291 728 1503 813 inquit,
1535 724 1763 790 nudum
1795 727 1989 789 sinum
2020 725 2336 790 reducens:

961 843 1090 907 »En
1134 843 1232 907 hic
1274 848 1336 907 in
1381 845 1568 908 roseis
1614 843 1756 906 latet
1798 843 2084 930 papillis«

963 958 1083 1023 Sed
1125 972 1185 1023 te
1228 962 1344 1023 iam
1389 959 1539 1024 ferre
1585 959 1855 1024 Herculei
1900 958 2068 1027 labos
2117 970 2226 1023 est.

964 1076 1177 1161 Tanto·
1208 1078 1324 1141 ten’
1373 1075 1533 1141 fastu
1578 1098 1757 1163 negas
1805 1074 2037 1139 amico?

962 1191 1071 1258 Dic
1114 1189 1288 1256 nobis
1334 1190 1440 1256 ubi
1486 1195 1569 1256 sis
1615 1192 1872 1267 futuruS,
1922 1190 2026 1255 ede

961 1307 1279 1385 Audacter,
1329 1311 1642 1384 committe,
1694 1306 1860 1373 crede
1905 1307 2040 1371 luci.

959 1424 1118 1491 Num
1160 1439 1220 1490 te
1264 1424 1542 1489 lacteolae
1588 1436 1791 1488 tenent
1833 1417 2112 1512 puellae}

962 1541 1030 1608 Si
1073 1541 1337 1631 linguam
1380 1541 1581 1607 clauso
1629 1553 1791 1606 tenes
1838 1543 1899 1604 in
1946 1563 2066 1618 ore,

959 1658 1215 1723 Fructus
1261 1662 1514 1746 proicies
1563 1662 1778 1723 amoris
1828 1682 2062 1726 omnes:

948 1773 1234 1863 *Verbosa
1277 1772 1499 1863 gaudet
1540 1773 1747 1839 Venus
1793 1775 2045 1864 loquela.

963 1891 1075 1955 Vel
1120 1894 1169 1954 si
1216 1892 1326 1967 viS‚
1375 1890 1509 1954 licet
1556 1889 1791 1956 obseres
1838 1893 2118 1980 palatum,

963 2008 1119 2072 Dum
1166 2011 1355 2071 nostri
1398 2008 1469 2072 fis
1515 2011 1807 2095 particeps
1856 2013 2089 2074 amoris,

884 2210 901 2226 .
962 2123 1101 2189 Non
1147 2137 1346 2188 custos
1395 2128 1446 2188 si
1489 2124 1680 2212 fingar
1722 2124 1818 2188 ille
1866 2124 2124 2204 Cretum,

962 2239 1100 2307 Non
1143 2240 1334 2306 Ladas
1382 2243 1432 2304 si
1477 2261 1587 2330 ego
1633 2244 1990 2328 pennipesve
2036 2243 2304 2320 Perseus,

965 2356 1102 2423 Non
1147 2360 1199 2421 si
1239 2355 1502 2444 Pegaseo
1551 2356 1704 2421 ferar
1748 2357 1970 2436 volatu,

961 2472 1099 2540 Non
1143 2472 1328 2538 Rhesi
1371 2476 1578 2538 niveae
1621 2476 1886 2562 citaeque
1928 2474 2133 2563 bigae3
2206 2560 2222 2572 ι

962 2590 1135 2656 Adde
1178 2589 1297 2653 huc
1339 2589 1708 2677 plumipedas
1754 2590 2156 2680 volatilesque,

962 2709 1410 2793 Ventorumque
1456 2706 1631 2771 simul
1673 2711 1907 2794 require
1953 2731 2206 2788 cursum,

967 2824 1132 2908 Quos
1182 2835 1442 2899 cunctoS,
1493 2820 1740 2900 Cameri,
1787 2825 1931 2891 mihi
1979 2826 2230 2893 dicares:

965 2940 1244 3006 Defessus
1288 2952 1484 3005 tamen
1530 2938 1804 3005 omnihus
1849 2941 2117 3009 medullis

966 3056 1045 3121 Et
1085 3058 1283 3121 multis
1328 3054 1715 3146 languoribus
1758 3079 2002 3146 peresus

967 3171 1169 3237 Essem
1214 3185 1273 3238 te
1315 3173 1477 3251 mihi,
1526 3177 1723 3253 amice,
1772 3179 2174 3264 quaeritando.

1392 3360 1467 3367 ...-
