3084 3967
463 2082 518 2124 10

470 2666 524 2706 15

950 764 1038 822 111.
1104 762 1389 824 LUCTUS
1434 763 1507 822 IN
1553 762 1803 822 MORTE
1854 759 2213 821 PASSERIS.

892 972 1167 1098 Lugete,
1216 1032 1252 1073 o
1296 1008 1553 1075 Veneres
1601 1006 2070 1095 Cupidinesque,

893 1126 972 1191 Et
1015 1138 1300 1215 quantum
1344 1138 1433 1190 est
1473 1126 1780 1190 hominum
1826 1127 2262 1191 venustiorum:

872 1231 1107 1307 ‘Passer
1149 1254 1420 1306 mortuus
1467 1253 1557 1306 est
1597 1262 1756 1305 meac
1804 1241 2060 1327 puellae,

893 1360 1135 1435 Passer,
1187 1357 1421 1423 deliciae
1463 1378 1626 1422 meac
1670 1356 1924 1444 puellae,

818 1531 827 1540 x
899 1473 1085 1559 Quem
1127 1474 1265 1563 plus
1309 1475 1407 1539 illa
1452 1447 1636 1539 oculis
1685 1475 1808 1537 suis
1853 1470 2103 1539 amabat.

895 1589 1046 1657 Nam
1087 1591 1339 1656 mellitus
1386 1603 1510 1656 erat
1524 1639 1540 1667 ,
1589 1612 1870 1679 suamque
1915 1602 2090 1655 norat

893 1710 1086 1798 Ipsam
1129 1720 1250 1773 tam
1293 1708 1441 1773 benc
1487 1729 1665 1794 quam
1707 1707 1903 1794 puella
1945 1720 2217 1773 matrem:

895 1823 1017 1890 Nec
1059 1846 1185 1889 sese
1233 1846 1268 1887 a
1311 1825 1532 1911 gremio
1581 1823 1736 1887 illius
1763 1821 2085 1899 movebat,

899 1939 1019 2028 Sed
1063 1939 1475 2003 circumsiliens
1522 1937 1701 2002 modo
1748 1939 1865 2003 huc
1908 1939 2086 2003 modo
2132 1940 2294 2018 illuc,

897 2055 998 2120 Ad
1043 2056 1229 2119 solam
1274 2054 1571 2119 dominam
1616 2077 1804 2143 usquc
1848 2056 2130 2142 pipiabat.

901 2170 1015 2256 Qui
1060 2193 1218 2252 nunc
1261 2175 1309 2237 it
1351 2193 1459 2259 per
1503 2175 1614 2236 iter
1657 2170 2084 2237 tenebricosum

897 2288 1069 2363 illuc,
1118 2287 1272 2351 unde
1318 2300 1537 2376 negant
1579 2288 1767 2353 redire
1814 2310 2182 2376 quemquam.

897 2405 982 2471 At
1026 2402 1197 2468 vobis
1243 2404 1389 2468 male
1436 2409 1540 2482 sit,
1588 2404 1770 2470 malae
1812 2403 2082 2478 tenebrae

903 2521 1069 2598 Orci,
1119 2542 1268 2608 quae
1315 2525 1510 2586 omnia
1554 2520 1707 2586 bella
1751 2521 2073 2587 devoratis:

905 2638 1054 2703 Tam
1096 2636 1314 2702 bellum
1355 2638 1500 2703 mihi
1546 2660 1842 2727 passerem
1883 2638 2223 2705 abstulistis,

902 2754 1022 2818 Pro
1069 2754 1287 2819 factum
1330 2754 1502 2820 male!
1556 2779 1590 2819 o
1636 2755 1852 2820 miselle
1896 2750 2125 2843 passer!

907 2869 1041 2934 Tua
1083 2893 1240 2936 nunc
1287 2891 1466 2958 opera
1508 2893 1671 2958 meac·
1711 2872 1935 2958 puellae

906 2984 1130 3049 Flendo
1175 2986 1459 3075 turgiduli
1503 2985 1717 3052 rubent
1761 2987 1944 3054 ocelli.

1388 3237 1804 3245 m
