3084 3967
480 794 535 835 25

480 1374 536 1412 30

483 2549 540 2588 40

484 3132 539 3176 45

1553 363 1681 427 208

815 543 944 621 Hic,
993 544 1155 609 velut
1199 546 1264 607 in
1305 545 1476 630 nigro
1524 545 1751 607 iactatis
1797 543 2031 608 turbine
2076 547 2270 608 nautis

906 661 1122 725 Lenius
1170 663 1436 747 aspirans
1486 682 1630 725 aura
1678 661 1929 725 secunda
1977 664 2137 725 venit

818 778 934 842 Iam
980 800 1149 864 prece
1196 776 1475 854 Pollucis,
1524 751 1639 840 iam
1687 776 1950 842 Castoris
1999 776 2311 864 implorati,

909 894 1050 959 Tale
1097 892 1210 958 fuit
1255 892 1427 958 nobis
1473 892 1710 958 Manius
1757 894 2059 957 auxilium.
2114 960 2119 963 ,

815 1011 870 1074 Is
917 1011 1177 1075 clausum
1224 1012 1342 1075 lato
1389 1010 1662 1098 patefecit
1705 1009 1884 1074 limite
1933 1032 2217 1098 campum,

901 1128 1072 1215 Isque
1121 1129 1359 1192 domum
1407 1126 1600 1202 nobiS‚
1650 1131 1818 1213 isque
1867 1127 2028 1191 dedit
2075 1128 2387 1204 dominam,

817 1244 916 1309 Ad
962 1268 1137 1333 quam
1186 1266 1521 1308 communes
1570 1266 1968 1308 exerceremus
2015 1248 2265 1323 amoreS‚‘

913 1362 1045 1459 Quo
1094 1370 1326 1426 mea'se
1372 1361 1534 1425 molli
1581 1360 1826 1424 candida
1873 1361 2008 1425 diva
2052 1362 2199 1448 pede

818 1478 1021 1545 Intulit
1066 1493 1125 1544 et
1168 1484 1308 1544 trito
1356 1478 1675 1567 fulgentem
1719 1482 1780 1543 in
1824 1478 2019 1543 limine
2064 1480 2320 1567 plantam

905 1598 1112 1662 Innixa
1159 1609 1367 1685 arguta
1414 1600 1720 1661 constituit
1765 1597 1942 1674 solea,

822 1714 1107 1803 Coniugis
1153 1728 1222 1779 ut
1267 1714 1567 1801 quondam
1610 1715 1866 1801 flagrans
1913 1714 2151 1777 advenit
2195 1735 2389 1776 amore

906 1833 1326 1897 Protesilaeam
1369 1831 1690 1895 Laodamia
1737 1830 1995 1908 domum,
2083 1865 2086 1869 v

817 1950 1109 2036 Inceptam
1155 1948 1392 2026 frustra,
1440 1948 1707 2012 nondum
1754 1971 1885 2012 cum
1931 1950 2212 2035 sanguine
2261 1970 2426 2013 sacro

881 2066 1114 2149 xHostia
1161 2066 1432 2130 caelestes
1477 2065 1839 2152 pacificasset
1883 2066 2079 2129 heros,

818 2183 914 2248 Nil
959 2184 1100 2246 mihi
1142 2196 1262 2246 tam
1299 2183 1466 2246 valde
1509 2184 1753 2270 placeat,
1800 2183 2164 2246 Rhamnusia
2208 2185 2396 2269 virg0‚

914 2299 1090 2383 Quod
1136 2313 1348 2364 temere
1395 2303 1594 2364 invitis
1644 2304 1999 2387 suscipiatur
2042 2301 2218 2364 heris.

822 2418 1008 2502 Quam
1057 2420 1252 2481 ieiuna
1295 2420 1460 2504 pium
1507 2417 1798 2481 desideret
1843 2440 1941 2480 ara
1988 2436 2273 2494 cruorem,

911 2535 1102 2599 Docta
1148 2547 1236 2598 est
1281 2538 1495 2598 amisso
1541 2534 1859 2598 Laodamia
1904 2536 2055 2610 viru,

824 2653 1110 2740 Coniugis
1157 2665 1289 2716 ante
1337 2665 1536 2715 coacta
1580 2654 1724 2715 novi
1770 2650 2057 2715 dimittere
2105 2652 2334 2728 collum,

912 2770 1099 2854 Quam
1130 2772 1367 2833 veniens
1400 2791 1520 2832 una
1555 2781 1731 2855 atque
1765 2768 1943 2831 altera
1979 2790 2185 2832 rursus
2217 2769 2400 2832 hiems

820 2886 1108 2952 Noctibus
1150 2890 1212 2951 in
1253 2887 1446 2974 longis
1490 2884 1726 2949 avidum
1766 2899 2087 2951 saturasset
2126 2908 2397 2963 amorem,
2450 2874 2455 2881 ’

907 3005 1121 3069 Posset
1163 3017 1232 3067 ut
1277 3002 1531 3090 abrupto
1581 3006 1776 3067 vivere
1825 3006 2121 3091 coniugio,

830 3120 1007 3205 Quod
1037 3120 1263 3186 scibant
1291 3121 1506 3185 Parcae
1538 3143 1661 3184 non
1690 3121 1870 3208 longo
1902 3135 2167 3210 tempore
2198 3120 2405 3198 abisse,

912 3237 978 3303 Si
1023 3238 1184 3302 miles
1229 3258 1430 3303 muros
1478 3241 1621 3303 isset
1666 3238 1740 3301 ad
1781 3237 2004 3304 Iliacos.

821 3357 971 3422 Nam
1012 3369 1140 3421 tum
1183 3356 1433 3421 Helenae
1478 3370 1657 3444 raptu
1700 3358 1986 3443 primores
2032 3356 2390 3444 Argivorum
