3084 3967
478 1021 564 1062 100

480 1607 565 1650 105

478 2194 563 2235 110

481 2779 565 2822 115

482 3366 569 3406 120

1576 366 1699 432 156

801 548 1013 616 Sancte
1056 570 1223 636 puer,
1273 550 1427 612 curis
1473 548 1777 611 hominum
1826 548 1929 633 qui
1975 543 2192 632 gaudia
2234 545 2459 620 misce5‚

803 666 1081 754 Quaeque
1126 668 1279 753 regis
1329 663 1554 752 Golgos
1602 681 1869 751 quaeque
1912 660 2158 727 Idalium
2203 656 2567 740 frondosum5

802 781 1087 867 Qualibus
1133 784 1427 845 incensam
1471 784 1729 845 iactastis
1774 792 1967 844 mente
2011 777 2264 866 puellam

800 897 1123 976 Fluctibus,
1172 901 1233 962 in
1276 897 1434 961 flavo
1483 918 1656 985 saepe
1702 898 1937 984 hospite
1983 895 2399 982 suspirantem!

805 1014 1073 1098 Quantos
1119 1014 1217 1079 illa
1259 1013 1397 1078 tulit
1440 1014 1741 1115 languenti
1788 1012 1962 1077 corde
2006 1010 2274 1076 timores!

804 1129 1102 1214 Quantum
1148 1153 1319 1218 saepe
1363 1133 1549 1217 magis
1596 1130 1826 1218 fulgore
1873 1129 2158 1217 expalluit
2205 1127 2360 1192 auri!

803 1246 955 1312 Cum
998 1270 1238 1312 saevum
1284 1251 1523 1334 cupiens
1572 1259 1775 1311 contra
1822 1245 2170 1312 contendere
2215 1257 2541 1309 monstrum

801 1363 928 1428 Aut
970 1376 1219 1429 mortem
1264 1376 1571 1451 oppeteret
1607 1363 1894 1440 TheseuS,
1943 1375 2047 1426 aut
2089 1364 2345 1448 praemia
2387 1360 2595 1426 laudis,

802 1478 938 1545 Non
980 1484 1239 1569 ingrata,
1290 1493 1482 1576 tamen
1530 1480 1779 1557 frustra,
1828 1479 2176 1544 munuscula
2221 1478 2369 1543 divis

800 1597 1158 1662 Promittens
1204 1600 1383 1662 tacito
1430 1600 1693 1684 succepit
1737 1609 1877 1660 vota
1922 1593 2150 1661 labello.

799 1713 947 1779 Nam
994 1715 1155 1779 velut
1198 1717 1261 1779 in
1306 1736 1533 1778 summo
1583 1716 1937 1801 quatientem
1980 1710 2217 1777 brachia
2263 1712 2462 1777 Tauro
2509 1797 2514 1803 ι

803 1831 1096 1915 Quercum
1140 1844 1244 1895 aut
1288 1833 1620 1918 conigeram
1667 1830 1902 1895 sudanti
1949 1832 2161 1895 cortice
2205 1832 2406 1916 pinum

799 1948 1125 2040 Indomitus
1171 1947 1351 2013 turbo
1401 1960 1799 2034 contorquens
1844 1947 2077 2011 flamine
2121 1945 2306 2013 robur

803 2064 1001 2128 Eruit:
1048 2064 1146 2127 illa
1189 2064 1398 2151 procul
1443 2063 1741 2129 radicibus
1787 2061 2099 2129 exturbata

800 2182 1000 2247 Prona
1046 2179 1228 2258 cadit,
1276 2181 1391 2245 late
1437 2203 1557 2269 qua
1602 2195 1691 2246 est
1733 2185 1985 2268 impetus
2034 2180 2209 2247 obvia
2252 2181 2549 2269 frangensz

807 2299 906 2364 Sic
952 2297 1175 2362 domito
1222 2319 1463 2362 saevum
1506 2302 1834 2386 prostravit
1877 2321 2124 2386 corpore
2170 2299 2454 2376 TheseuS,

800 2415 1173 2504 Nequiquam
1222 2417 1384 2480 vanis
1428 2419 1734 2480 iactantem
1782 2436 2003 2479 cornua
2047 2419 2254 2479 ventis,

799 2534 939 2599 Inde
984 2531 1189 2620 pedem
1236 2554 1441 2619 sospes
1488 2532 1674 2596 multa
1718 2554 1849 2595 cum
1893 2532 2066 2596 laude
2107 2533 2360 2611 reflexit,

799 2649 1149 2715 Errabunda
1193 2670 1400 2736 regens
1447 2652 1610 2713 tenui
1657 2652 1903 2737 vestigia
1943 2649 2064 2725 filo,

806 2766 893 2832 Ne
938 2765 1320 2854 labyrintheis
1366 2787 1396 2829 e
1440 2763 1694 2829 flexibus
1741 2764 2125 2853 egredientem

807 2883 973 2948 Tecti
1015 2883 1399 2950 frustraretur
1443 2881 1891 2947 inobservabilis
1937 2905 2118 2947 error.

806 2997 926 3065 Sed
971 3000 1114 3086 quid
1161 3022 1292 3088 ego,
1340 3022 1374 3064 a
1417 3002 1608 3087 primo
1658 2999 1954 3088 digressus
2001 3004 2276 3080 carmine,
2324 3003 2494 3091 plura

806 3116 1311 3184 Commemorem‘?
1354 3129 1425 3182 ut
1465 3117 1736 3204 linquens
1780 3120 2062 3207 genitoris
2108 3119 2226 3185 filia
2271 3121 2514 3198 vultum,

805 3231 885 3301 Ut
928 3236 1390 3320 consanguineae
1437 3235 1837 3322 complexum,
1886 3249 1954 3301 ut
1998 3236 2247 3324 denique
2290 3241 2511 3316 matriS‚

810 3351 972 3437 Quae
1014 3352 1224 3415 misera
1268 3353 1326 3414 in
1371 3365 1551 3438 gnata
1594 3352 1894 3440 deperdita
1937 3352 2274 3430 laetabatur,
