3084 3967
443 780 499 823 35

442 1370 498 1412 40

443 1956 498 1996 45

1507 348 1637 415 200

688 531 907 596 Flavus
953 540 1128 619 qulam
1173 529 1335 592 molli
1379 532 1671 616 percurrit
1715 529 1952 594 flumine
1998 530 2203 607 Mello,

776 647 980 711 Brixia
1022 647 1291 711 Veronae
1338 659 1523 710 mater
1569 659 1759 710 amata
1803 669 1984 724 meae,

695 763 815 829 Sed
860 763 929 827 dc
972 764 1281 828 Postumio
1331 776 1388 828 et
1436 761 1672 828 Corneli
1719 775 1919 828 narrat
1962 786 2179 839 amore,

780 879 930 945 Cum
976 880 1192 968 quibus
1238 880 1335 943 illa
1382 881 1598 944 malum
1643 880 1781 944 fecit
1827 880 2199 943 adulterium.

689 997 920 1062 Dixerit
964 998 1060 1060 hic
1104 978 1345 1083 aliquis:
1406 997 1563 1079 »Qui
1611 1011 1679 1061 tu
1724 998 1963 1073 isthaec,
2025 1000 2219 1074 ianua,
2269 1003 2445 1077 nosti,

781 1112 893 1178 Cui
938 1135 1241 1199 nunquam
1288 1096 1509 1176 domini
1557 1113 1751 1176 limine
1797 1112 2001 1177 abesse
2046 1104 2199 1190 licet,

690 1230 811 1295 Nec
854 1230 1144 1317 populum
1190 1229 1535 1307 auscultare,
1587 1230 1691 1294 sed
1736 1231 1830 1293 hic
1877 1230 2093 1295 suffixa
2135 1232 2324 1319 tigillo

781 1347 1040 1411 Tantum
1086 1349 1315 1432 operire
1361 1346 1514 1410 soles
1563 1359 1666 1411 aut
1710 1350 1934 1433 aperire
1982 1348 2307 1412 domum?«

691 1463 878 1551 Saepe
924 1463 1079 1527 illam
1126 1462 1324 1526 audivi
1373 1461 1592 1527 furtiva
1636 1487 1781 1528 voce
1827 1465 2162 1552 loquentem

780 1580 981 1644 Solam
1028 1603 1163 1649 cum
1202 1560 1425 1643 *ancillis
1472 1581 1616 1644 haec
1662 1603 1771 1644 sua
1814 1581 2055 1669 flagitia,

689 1697 963 1762 Nomine·
996 1698 1279 1761 dicentem
1338 1719 1517 1783 quos⁴
1553 1696 1840 1774 diximuS,
1900 1712 2109 1785 utpote
2169 1722 2316 1786 quae
2372 1705 2448 1765 mi

779 1814 990 1902 Speret
1033 1836 1139 1878 nec
1184 1813 1445 1901 linguam
1491 1835 1637 1890 esse,
1687 1836 1793 1877 nec
1840 1816 2178 1879 auriculam.

690 1934 998 1998 Praeterea
1046 1929 1299 1994 addebat
1344 1930 1654 2018 quendam,
1706 1954 1879 2018 quem
1926 1933 2111 1997 dicere
2157 1934 2296 1999 nolo

777 2046 1045 2125 Nomine,
1094 2069 1166 2110 ne
1211 2047 1382 2111 tollat
1426 2046 1609 2111 rubra
1655 2049 1982 2136 supercilia.

689 2167 932 2251 Longus
996 2164 1173 2227 homo
1235 2177 1352 2242 est,
1413 2187 1655 2252 magnas
1717 2168 1810 2230 cui
1867 2166 1995 2230 lites
2052 2168 2250 2232 intulit
2310 2169 2448 2233 olim

779 2270 1017 2346 Falsum
1060 2280 1323 2345 mendaci
1368 2295 1570 2346 ventre
1615 2287 2011 2370 puerperium.
