3084 3967
494 707 548 747 15

494 1292 550 1333 20

1585 391 1668 457 38

704 572 817 638 Cui
864 596 996 638 cum
1041 576 1121 636 sit
1164 552 1521 636 viridissimo
1571 584 1759 659 nupta
1801 572 1950 637 flore
1994 573 2220 659 puella,

701 691 779 754 Et
821 689 1017 776 puella
1060 688 1337 752 tenellulo
1388 687 1691 752 delicatior
1736 688 1949 764 haedo,

700 803 1079 871 Asservanda
1122 807 1451 892 nigerrimis
1500 806 1837 892 diligentius
1884 808 2039 881 uviS‚

698 920 928 988 Ludere
975 921 1126 984 hanc
1171 924 1312 986 sinit
1354 935 1424 986 ut
1466 921 1663 998 lubet,
1712 915 1821 985 nec
1861 922 1969 1008 pili
2015 919 2155 986 facit
2197 924 2333 998 uni,

700 1038 822 1103 Nec
866 1059 927 1101 se
973 1036 1246 1102 sublevat
1291 1061 1367 1102 ex
1412 1061 1521 1103 sua
1566 1051 1762 1126 parte,
1814 1037 1918 1101 sed
1963 1039 2126 1103 velut
2170 1038 2338 1102 alnus

701 1157 768 1218 In
814 1153 974 1218 fossa
1018 1153 1223 1241 Liguri
1269 1157 1418 1218 iacet
1461 1167 1821 1242 suppernata
1867 1157 2086 1230 securi,

705 1270 1078 1335 Tantundem
1127 1273 1324 1334 omnia
1369 1275 1625 1335 sentiens
1675 1293 1851 1358 quam
1894 1273 1946 1334 si
1992 1271 2152 1335 nulla
2199 1273 2277 1335 sit
2319 1294 2601 1358 usquam:

707 1388 868 1452 Talis
916 1391 1025 1452 iste
1070 1409 1235 1451 meus
1283 1400 1496 1474 stupor
1539 1386 1624 1449 nil
1671 1385 1860 1463 videt,
1909 1387 2057 1451 nihil
2103 1387 2295 1464 audit,

702 1507 831 1593 Ipse
880 1507 982 1591 qui
1028 1506 1133 1579 sit,
1185 1516 1382 1568 utrum
1431 1507 1509 1567 sit
1555 1525 1631 1566 an
1677 1526 1799 1568 non
1847 1507 1952 1580 sit,
2003 1503 2065 1567 id
2111 1508 2597 1591 quoque-nescit.

702 1619 874 1685 Nunc
920 1643 1052 1684 eum
1100 1621 1237 1684 volo
1286 1619 1357 1684 de
1404 1634 1509 1685 tuo
1557 1633 1741 1708 ponte
1790 1624 2016 1684 mittere
2060 1644 2352 1707 pronum,

706 1736 772 1802 Si
817 1750 957 1823 pote
1004 1736 1285 1801 stolidum
1329 1750 1569 1824 repente
1617 1740 1869 1801 excitare
1918 1750 2223 1801 veternum

703 1856 783 1920 Et
827 1858 1104 1944 supinum
1151 1856 1406 1916 animum
1454 1856 1516 1916 in
1559 1857 1727 1941 gravi
1775 1853 2174 1940 derelinquere
2222 1877 2420 1932 caeno,

704 1972 977 2036 Ferream
1022 1983 1092 2033 ut
1135 1969 1353 2032 soleam
1400 1973 1587 2034 tenaci
1617 1973 1694 2033 ’in
1740 1972 2021 2056 voragine
2066 1971 2242 2034 mula.

1419 2217 1842 2225 ———--———

1113 2531 1263 2590 XIX.
1324 2532 1424 2590 AD
1470 2531 1884 2591 HORTORUM
1931 2534 2148 2593 DEUM.

622 2770 631 2779 ’
709 2744 912 2844 Hunc
956 2781 1152 2844 lucum
1196 2779 1306 2844 tibi
1355 2777 1559 2843 dedico
1609 2801 2033 2866 consecroque,
2082 2780 2323 2869 Priape,

715 2897 847 2980 Qua
892 2896 1101 2960 domus
1148 2910 1251 2961 tua
1294 2896 1601 2982 Lampsaci
1648 2908 1764 2972 est,
1814 2918 2047 2984 quaque
2094 2899 2269 2979 silva,
2316 2902 2560 2990 Priape:

711 3013 862 3079 Nam
903 3027 961 3077 te
1005 3017 1315 3101 praecipue
1359 3017 1420 3077 in
1467 3016 1591 3077 suis
1637 3012 1889 3078 urbibus
1935 3015 2075 3086 colit
2119 3038 2225 3081 ora

713 3132 1114 3218 Hellespontia
1157 3133 1358 3196 ceteris
1406 3133 1732 3205 ostreosior
1778 3133 1917 3231 oriS.

1422 3392 1842 3402 ἡ...
