3084 3967
468 916 523 957 25

468 2903 521 2943 10

1564 368 1642 432 10

856 545 1059 637 Neque
1102 548 1223 613 ulla
1267 560 1410 613 vota
1452 546 1781 611 litoralibus
1830 546 1952 610 deis

858 663 985 729 Sibi
1033 686 1158 728 esse
1202 662 1382 742 facta,
1432 686 1565 728 eum
1610 666 1835 727 veniret
1878 684 1913 725 a
1957 684 2113 727 mare

856 778 1192 844 Novissimo
1240 782 1396 845 hunc
1441 780 1516 844 ad
1560 802 1750 867 usque
1796 777 2101 865 limpidum
2145 779 2353 846 lacum.

858 894 980 960 Sed
1023 896 1165 961 haee
1209 900 1374 984 prius
1422 896 1612 962 fuere:
1660 918 1817 961 nune
1862 894 2163 959 recondita

744 1017 753 1024 '
857 1009 1038 1076 Senet
1081 1016 1272 1101 quiete
1318 1035 1496 1101 seque
1545 1013 1773 1078 dedicat
1816 1008 1956 1087 tihi,

859 1125 1106 1194 Gemelle
1155 1128 1368 1195 Castor
1413 1143 1471 1193 et
1514 1129 1751 1217 gemelle
1800 1126 2083 1193 Castoris,

1291 1584 1358 1641 v.
1418 1584 1520 1644 Ao
1567 1569 1895 1646 L'EsssiAM.

854 1787 1201 1898 vivamus,
1248 1843 1376 1885 mea
1420 1819 1664 1897 Lesbia,
1714 1833 1890 1909 atque
1935 1846 2210 1900 amemus»,

851 1939 1259 2023 Rumoresque
1306 1934 1510 2001 senum
1558 1941 1918 2001 severiorum

856 2053 1069 2121 Omnes
1117 2056 1292 2118 unius
1339 2057 1707 2118 aestimemus
1753 2057 1920 2118 assis.

856 2171 1048 2268 Soles⁸
1075 2170 1333 2246 occidere
1379 2183 1437 2235 et
1479 2170 1669 2235 redire
1714 2184 1995 2257 possunt:

853 2286 1071 2364 Nobis,
1121 2309 1252 2352 eum
1299 2288 1472 2352 semel
1519 2287 1733 2351 occidit
1776 2283 1972 2351 brevis
2018 2287 2157 2362 lux,

853 2403 991 2469 Nox
1040 2417 1130 2467 est
1172 2416 1456 2491 perpetua
1500 2426 1621 2467 una
1668 2402 2028 2467 dormienda.

853 2522 945 2586 Da
990 2524 1069 2585 mi
1112 2502 1278 2584 basin
1320 2521 1504 2598 mille,
1556 2519 1763 2585 deinde
1811 2532 2072 2597 eentum,

855 2637 1079 2703 Deinde
1127 2640 1205 2701 mi
1253 2637 1432 2701 altera
1474 2638 1661 2714 mille,
1713 2611 1920 2702 deinde
1969 2649 2232 2715 eentum,

856 2754 1079 2819 Deinde
1123 2775 1314 2841 usque
1360 2753 1539 2818 altera
1583 2754 1767 2830 mille,
1817 2752 2025 2817 deinde
2071 2768 2317 2821 eentum.

855 2871 1035 2945 Dein,
1085 2892 1215 2935 cum
1259 2871 1417 2936 milia
1460 2871 1644 2934 multa
1687 2869 2021 2947 secel-imm,

861 2984 1359 3053 Conturbabimus
1406 2987 1529 3064 illa,
1579 3009 1653 3051 ne
1699 2990 1978 3063 seiamm,

856 3102 985 3168 Aut
1025 3123 1099 3166 ne
1145 3107 1276 3190 quis
1321 3103 1507 3168 malus
1552 3102 1811 3169 invidere
1856 3108 2080 3192 possit,

858 3218 1012 3287 Cum
1052 3230 1282 3284 tantum
1328 3223 1471 3288 sciat
1516 3244 1643 3286 esse
1684 3220 2005 3286 basiorum.
