3084 3967
446 1019 503 1060 25

447 1602 505 1643 30

448 2185 504 2227 35

449 2770 506 2810 40

1521 356 1648 419 190

651 534 735 599 At
778 548 843 600 tu
891 559 1010 599 non
1059 517 1468 598 orbum'luxti
1514 532 1742 598 deserta
1789 532 1997 610 cubile,
2058 610 2065 624 Ι

741 650 862 717 Sed
905 651 1101 715 fratris
1149 651 1265 712 cari
1309 648 1499 721 flebile
1547 647 1874 713 discidium.

655 766 843 850 Quam
887 769 1122 855 penitus
1169 778 1418 830 maestas
1466 765 1664 830 exedit
1709 788 1848 829 eura
1893 763 2222 829 medullas?

744 882 820 948 Ut
862 882 971 947 tibi
1013 895 1158 946 tunc
1201 895 1332 947 toto
1377 894 1617 970 pectore
1664 883 1943 947 sollicitae

656 997 939 1064 Sensibus
986 1002 1200 1086 ereptis
1245 1021 1407 1063 mens
1455 998 1701 1063 excidit!
1761 1021 1828 1062 ac
1872 1012 1929 1063 te
1976 1021 2085 1087 ego
2134 1011 2286 1064 certe

743 1113 1080 1204 Cognoram
1127 1138 1163 1178 a
1205 1138 1392 1202 parva
1436 1118 1663 1202 virgine
1708 1119 2157 1203 magnanimam

652 1232 823 1297 Anne
867 1231 1091 1296 bonum
1139 1231 1342 1295 oblitar
1367 1254 1428 1296 es
1475 1231 1720 1309 facium,
1770 1254 1890 1320 quo
1936 1236 2161 1321 regium
2209 1230 2419 1319 adepta
2464 1252 2524 1295 es

743 1348 1132 1436 Coniugium,
1181 1348 1347 1436 quod
1393 1348 1775 1413 non‘sortior
1817 1351 1975 1413 ausit
2018 1347 2168 1413 alis?

612 1459 619 1466 ⁴
653 1464 774 1531 Sed
816 1479 941 1530 tum
987 1478 1208 1543 maesta
1254 1468 1448 1530 virum
1491 1468 1727 1529 mittens
1774 1487 1924 1552 quae
1970 1464 2152 1530 verba
2193 1464 2394 1529 locuta
2438 1463 2528 1529 es!

743 1582 1024 1670 luppiter,
1070 1595 1141 1646 ut
1182 1583 1339 1647 tristi
1383 1583 1619 1652 lumina,
1650 1604 1823 1670 saepe
1867 1583 2073 1647 manu!

656 1698 802 1782 Quis
847 1712 906 1763 te
953 1701 1204 1763 mutavit
1245 1711 1446 1763 tantus
1495 1697 1684 1763 deus?
1730 1721 1804 1762 an
1850 1698 2016 1786 quod
2057 1695 2356 1762 amantes'

739 1815 877 1879 Non
920 1815 1096 1902 longe
1142 1837 1178 1877 a
1221 1836 1356 1879 caro
1405 1837 1655 1901 corpore
1700 1813 1903 1879 abesse
1949 1815 2204 1879 volunt?

649 1932 849 2021 Atque
895 1930 977 1995 ibi
1022 1953 1113 1995 me
1159 1933 1383 1995 cunctis
1427 1953 1538 2017 pro
1589 1930 1744 1995 dulci
1790 1934 2039 2018 coniuge
2084 1931 2238 1996 divis

740 2048 877 2112 Non
924 2051 1048 2111 sine
1093 2050 1327 2112 taurino
1376 2050 1660 2135 sanguine
1704 2047 1966 2134 pollicita
2011 2070 2091 2124 eS,
2132 2104 2141 2114 .

657 2163 724 2230 Si
769 2164 1021 2229 reditum
1065 2163 1382 2228 tetulisset!
1439 2164 1494 2227 Is
1540 2164 1690 2228 haut
1732 2166 1794 2228 in
1837 2177 2099 2251 tempore
2146 2165 2325 2252 longo

745 2280 992 2369 Captam
1035 2281 1240 2345 Asiam
1283 2280 1546 2368 Aegypti
1590 2279 1809 2345 finibus
1855 2280 2178 2345 addiderat.

657 2398 803 2483 Quis
850 2421 959 2487 ego
1005 2420 1117 2484 pro
1166 2398 1333 2463 sactis
1379 2399 1609 2464 caelesti
1653 2397 1882 2462 reddita
1926 2409 2098 2462 coetu

742 2515 1001 2581 Pristina
1043 2529 1186 2580 vota
1229 2539 1390 2580 novo
1436 2536 1678 2579 munere
1724 2513 2011 2600 dissoluo.

652 2634 870 2711 Invita,
922 2656 956 2698 o
1004 2636 1234 2721 regina,
1281 2646 1388 2697 tuo
1437 2631 1508 2696 de
1554 2634 1769 2696 vertice
1816 2635 1980 2709 cessi,

741 2752 958 2827 Invita,
1007 2749 1215 2813 adiuro
1259 2762 1434 2837 teque
1477 2762 1767 2835 tuumque
1812 2761 2007 2835 caput,

657 2862 885 2955 (Digna
928 2866 1077 2930 serat
1121 2865 1285 2953 quod
1329 2869 1380 2930 si
1424 2869 1559 2952 quis
1605 2866 1858 2928 inaniter
1901 2854 2248 2947 adiuraritt)
2517 2842 2541 2876 χ

744 2980 866 3047 Sed
909 2984 1013 3069 qui
1059 3005 1119 3047 se
1166 2981 1320 3046 ferro
1366 2982 1630 3068 postulet
1673 3002 1799 3045 esse
1842 2981 2085 3069 parem?
2144 2967 2158 2994 ⁴

654 3098 751 3165 Ille
799 3120 1037 3188 quoque
1084 3121 1322 3164 eversus
1367 3121 1536 3163 mons
1585 3111 1691 3174 est,
1742 3119 1916 3185 quem
1957 3101 2278 3163 maximum
2321 3098 2383 3161 in
2429 3097 2549 3160 oris

742 3218 1061 3305 Progenies
1109 3215 1295 3279 Thiae
1340 3215 1494 3279 clara
1537 3215 1969 3303 supervehitur,

659 3335 810 3402 Cum
851 3331 1014 3398 Medi
1055 3353 1334 3418 peperere
1376 3354 1603 3396 novum
1645 3352 1803 3397 mare
1848 3353 2097 3418 cumque
2140 3333 2415 3395 iuventus
