3084 3967
432 1000 487 1039 25

430 1703 485 1744 30

428 2284 483 2323 35

425 2862 482 2900 40

1539 344 1658 434 142

629 517 744 583 Ubi
788 494 1115 605 cymbalum
1165 533 1339 584 sonat
1381 545 1533 598 vox,
1583 521 1688 586 ubi
1733 535 2013 611 tympana
2056 522 2331 596 reboant,

629 635 870 699 Tibicen
918 635 1022 699 ubi
1069 640 1224 701 canit
1267 637 1478 725 Phryx
1523 662 1709 703 curuo
1756 661 1933 726 grave
1981 638 2219 713 calamo,

626 750 741 816 Ubi
788 756 978 839 capita
1020 753 1335 818 Maenades
1382 758 1441 818 vi
1486 758 1709 820 iaciunt
1752 755 2155 841 hederigerae‚

627 867 739 932 Ubi
787 891 950 933 sacra
996 882 1197 933 sancta
1241 873 1427 934 acutis
1475 871 1796 936 ululatibus
1845 874 2094 957 agitant,

625 984 739 1049 Ubi
788 975 1123 1049 suevit'illa
1168 984 1335 1051 divae
1381 988 1629 1052 volitare
1676 1009 1825 1074 vaga
1872 986 2118 1050 cohors:

626 1100 758 1183 Quo
807 1125 918 1166 nos
967 1093 1132 1169 decet
1177 1107 1364 1168 citatis
1413 1104 1659 1168 celerare
1705 1102 2042 1190 tripudiis«
2142 1167 2151 1178 ,

712 1333 901 1400 Simul
946 1317 1090 1399 haec
1137 1336 1450 1400 comitibus
1497 1335 1657 1400 Attis
1707 1338 1913 1400 cecinit
1956 1337 2140 1400 notha
2185 1335 2411 1411 mulier,

529 1478 566 1504 ·,
624 1450 880 1548 Thiasus
925 1466 1164 1539 repente
1210 1454 1424 1541 linguis
1469 1450 1904 1540 trepidantibus
1950 1452 2166 1530 ululat,

619 1566 774 1630 Leve
821 1580 1167 1654 tympanum
1211 1573 1493 1657 remugit,
1546 1590 1686 1633 cava
1733 1568 2000 1655 cymbala
2041 1581 2371 1655 recrepant:

620 1686 879 1749 Viridem
929 1689 1079 1750 citus
1127 1686 1250 1749 adit
1292 1686 1451 1749 Idam
1497 1698 1850 1772 properante
1895 1684 2044 1773 pede
2092 1686 2328 1749 chorus,

619 1801 968 1866 Furibunda
1014 1802 1186 1865 simul
1234 1802 1509 1866 anhelans
1559 1824 1709 1888 vaga
1734 1800 1917 1874 ‚vadit
1961 1806 2207 1865 animam
2254 1787 2432 1887 agesis

623 1919 917 1984 Comitata
960 1931 1245 2004 tympano
1293 1917 1452 1982 Attis
1496 1939 1605 2005 per
1653 1939 1837 2004 opaca
1880 1941 2121 1983 nemora
2167 1917 2323 1993 dux,

545 2033 550 2038 ’
618 2037 819 2099 Veluti
864 2039 1110 2100 iuvenca
1154 2037 1346 2097 vitans
1396 2057 1548 2098 onus
1597 2034 1880 2098 indomita
1926 2038 2068 2122 iugi.

617 2150 881 2238 Rapidae
929 2150 1134 2215 ducem
1182 2162 1512 2237 sequuntur
1561 2149 1757 2215 Gallae
1801 2149 2269 2238 properipedem.

616 2269 818 2355 Itaque
866 2280 933 2331 ut
979 2265 1220 2330 domum
1267 2265 1535 2352 Cybebes
1585 2270 1822 2353 tetigere
1866 2267 2146 2343 lassulae‚

616 2384 810 2447 Nimio
858 2407 888 2448 e
932 2383 1134 2448 labore
1182 2406 1455 2447 somnum
1503 2387 1742 2470 capiunt
1787 2387 1910 2448 sine
1959 2380 2187 2461 Cerere.

615 2500 791 2587 Piger
836 2501 926 2565 his
974 2500 1206 2565 labante
1252 2501 1537 2588 languore
1587 2500 1790 2563 oculos
1838 2521 2024 2585 sopor
2070 2500 2289 2584 operit,

617 2615 762 2680 Abit
806 2619 867 2680 in
915 2620 1108 2704 quiete
1153 2618 1316 2680 molli
1360 2616 1603 2680 rabidus
1650 2615 1818 2679 furor
1864 2618 2057 2678 animi.

708 2732 827 2797 Sed
872 2733 977 2797 ubi
1025 2736 1144 2798 oris
1192 2736 1353 2797 aurei
1400 2732 1509 2798 Sol
1553 2730 1920 2796 radiantibus
1968 2730 2152 2794 oculis

619 2849 920 2912 Lustravit
965 2851 1200 2914 aethera
1245 2850 1472 2925 album,
1523 2849 1649 2911 sola
1697 2846 1873 2921 dura,
1923 2869 2078 2920 mare
2123 2844 2339 2921 serum,

615 2965 967 3053 Pepulitque
1012 2971 1202 3031 noctis
1251 2966 1487 3031 umbras
1534 2968 1758 3050 vegetis
1804 2963 2212 3050 sonipedibuS,

614 3081 700 3145 Ibi
747 3105 989 3147 somnus
1037 3086 1285 3147 excitam
1331 3083 1502 3148 Attin
1549 3080 1781 3169 fugiens
1828 3084 1975 3145 citus
2023 3079 2195 3145 abiit:

618 3198 1035 3286 Trepidantem
1082 3221 1215 3263 eum
1260 3203 1480 3286 recepit
1525 3199 1634 3263 dea
1678 3198 1954 3262 Pasithea
1996 3200 2149 3260 sinu.

613 3316 700 3379 Ita
745 3316 816 3379 de
863 3319 1056 3402 quiete
1100 3315 1263 3378 molli
1306 3316 1515 3403 rapida
1559 3319 1686 3379 sine
1730 3315 1892 3378 rabie
