3084 3967
483 782 539 824 50

483 1360 540 1403 55

482 1944 553 1987 60·

485 2526 542 2567 65

488 3103 544 3148 70

1550 353 1685 416 210

823 531 1116 621 Coeperat
1160 532 1249 616 ad,
1279 554 1405 597 sese
1452 532 1639 596 Troia
1684 536 1829 597 ciere
1874 536 2056 611 viroS,

734 648 918 714 Troia
948 648 1128 726 nesaS‚
1169 671 1473 714 commune
1504 648 1838 737 sepulerum
1867 648 2044 713 Asiae
2073 648 2484 737 Europaeque,

824 765 1007 831 Troia
1051 769 1244 829 virum
1291 778 1350 830 et
1392 769 1681 830 virtutum
1729 769 1988 830 omnium
2034 765 2241 831 acerba
2287 769 2461 842 cinis3

735 880 896 963 Quae
940 894 1204 946 veterum
1245 882 1311 946 id
1354 895 1563 946 nostro
1611 883 1791 947 letum
1836 882 2159 946 miserabile
2204 881 2370 948 fratri

819 997 1065 1062 Attulit:
1111 998 1207 1061 hei
1251 1002 1464 1063 misero
1511 998 1692 1063 frater
1737 999 2004 1087 adempte
2048 1000 2219 1063 mihi!

731 1114 840 1179 Hei
884 1118 1098 1179 misero
1146 1114 1311 1178 fratri
1357 1115 1680 1179 iucundum
1725 1116 1921 1179 lumen
1968 1116 2331 1203 ademptum!

821 1230 1043 1295 Tecum
1087 1254 1207 1295 una
1251 1243 1380 1294 tota
1424 1243 1513 1295 est
1558 1244 1762 1294 nostra
1807 1232 2038 1317 sepulta
2083 1232 2314 1309 domm,

738 1345 946 1413 Omnia
989 1361 1181 1412 tecum
1226 1370 1347 1411 una
1389 1350 1693 1434 perierunt
1735 1338 1950 1434 gaudia
1995 1361 2218 1425 nostra,

825 1463 986 1547 Quae
1032 1477 1174 1529 tuus
1219 1468 1281 1528 in
1326 1466 1448 1528 vita
1494 1463 1679 1527 duleis
1726 1463 1919 1529 alebat
1961 1487 2144 1529 amor.

738 1579 921 1664 Quem
968 1604 1126 1646 nune
1168 1594 1288 1645 tam
1333 1581 1526 1668 longe,
1576 1603 1699 1645 non
1743 1584 1895 1646 inter
1937 1594 2081 1646 nota
2126 1582 2388 1669 sepulcra

819 1697 939 1763 Nec
983 1720 1172 1786 prope
1219 1710 1501 1785 cognatos
1551 1700 1941 1785 compositum
1989 1701 2227 1774 einereS,

735 1813 855 1879 Sed
902 1815 1085 1879 Troia
1133 1814 1402 1892 obscena,
1453 1813 1639 1878 Troia
1683 1810 1906 1877 infelice
1931 1815 2241 1901 sepultum

820 1931 1058 1997 Detinet
1100 1945 1361 1996 extremo
1407 1944 1566 1995 terra
1611 1930 1795 1995 aliena
1841 1930 1991 1995 solo.

733 2047 832 2112 Ad
861 2070 1035 2135 quam
1065 2061 1193 2112 tum
1221 2062 1549 2136 properans
1579 2046 1767 2112 fertur
1804 2047 1977 2111 simul
2004 2047 2267 2134 undique
2295 2046 2483 2135 pubes

823 2164 1042 2230 Graeca
1082 2165 1406 2251 penetrales
1454 2163 1781 2229 deseruisse
1825 2164 2010 2240 focoS,

732 2281 819 2346 Ne
864 2281 1031 2346 Paris
1079 2280 1332 2345 abducta
1377 2283 1618 2367 gavisus
1664 2280 1844 2344 libera
1888 2280 2130 2344 moecha

827 2396 961 2464 Otia
1005 2410 1214 2485 pacato
1264 2396 1499 2485 degeret
1542 2400 1604 2461 in
1649 2396 1927 2461 thalamo.

737 2514 869 2599 Quo
915 2513 1024 2579 tibi
1068 2527 1196 2578 tum
1243 2536 1400 2590 casu,
1448 2512 1838 2599 pulcherrima
1882 2513 2215 2590 Laodamia,

822 2632 1105 2719 Ereptum
1153 2642 1242 2695 est
1284 2633 1405 2694 vita
1453 2628 1680 2693 dulcius
1729 2642 1904 2717 atque
1950 2633 2138 2694 anima

739 2745 1125 2836 Coniugium:
1169 2759 1338 2810 tanto
1383 2758 1441 2810 te
1488 2744 1812 2841 absorbens
1859 2749 2071 2811 vertice
2116 2748 2330 2811 amoris
2485 2784 2516 2799 „

822 2862 1040 2929 Aestus
1086 2867 1147 2927 in
1194 2861 1510 2949 abruptum
1558 2862 1845 2926 detulerat
1885 2861 2246 2939 barathrum,

740 2979 922 3064 Quale
967 2980 1164 3044 ferunt
1208 2978 1369 3044 G'raii
1412 2978 1714 3043 Pheneum
1759 3001 1946 3066 prope
1992 2977 2333 3065 Cylleneum

826 3093 1056 3160 Sieeare
1102 3096 1323 3161 emulsa
1364 3099 1586 3185 pingue
1630 3094 1843 3183 palude
1890 3094 2099 3171 solum,

742 3209 919 3294 Quod
962 3213 1259 3300 quondam
1304 3216 1485 3279 caesis
1531 3215 1748 3277 montis
1793 3210 2013 3277 fodisse
2056 3209 2321 3277 medullis

825 3326 1014 3393 Audit
1058 3328 1400 3417 falsiparens
1446 3328 2026 3417 Amphitryoniades,
