3084 3967
431 1910 487 1950 10

401 2468 486 2530 '15

431 3069 487 3111 20

1498 311 1626 376 206

904 639 1092 696 Lxlx.
1155 638 1253 694 AD
1294 639 1374 695 M:
1420 637 1711 696 AclLlUM
1752 637 2222 696 GLABRIONEM.

682 803 847 904 Non
890 861 1136 924 possum
1180 842 1439 917 reticere,
1489 839 1649 916 deae,
1697 861 1815 926 qua
1859 840 1949 904 m'e
1993 823 2217 903 Acilius
2262 861 2325 902 re

767 957 1004 1032 Iuverit,
1051 968 1156 1019 aut
1199 959 1433 1043 quantis
1479 959 1697 1020 iuverit
1743 954 1966 1031 officiis,

681 1071 766 1136 Ne
816 1072 1045 1160 fugiens
1095 1072 1294 1137 saeclis
1343 1068 1822 1135 obliviscentibus
1870 1084 2026 1136 aetas

767 1189 927 1253 Illius
974 1190 1089 1252 hoe
1134 1211 1299 1253 caeca
1345 1199 1516 1251 nocte
1562 1199 1723 1274 tegat
1768 1187 2058 1251 studium:

684 1303 803 1369 Sed
850 1305 1033 1369 dicam
1081 1304 1273 1382 vobis,
1323 1326 1431 1368 vos
1477 1326 1661 1389 porro
1710 1303 1880 1369 dicite
1925 1307 2123 1370 multis

768 1420 1011 1485 Milibus
1058 1433 1116 1484 et
1159 1419 1327 1485 facite
1372 1420 1515 1484 haec
1562 1420 1761 1485 charta
1804 1423 2084 1510 loquatur
2128 1444 2292 1498 anuS,

683 1533 787 1620 [Ut
832 1538 1020 1626 qualis
1066 1536 1260 1613 suerit,
1311 1536 1449 1601 dum
1498 1540 1669 1613 vixit,
1719 1543 1970 1603 carmina
2015 1533 2293 1618 narrent,]

689 1738 705 1753 ,
770 1655 1165 1739 Notescatque
1214 1656 1397 1741 magis
1443 1667 1717 1718 mortuus
1766 1669 1940 1743 atque
1987 1650 2191 1743 magis,

680 1771 800 1836 Nec
844 1785 1076 1836 tenuem
1123 1783 1329 1834 texens
1376 1768 1641 1834 sublimis
1689 1793 1898 1835 aranea
1940 1772 2112 1836 telam

768 1889 832 1954 In
880 1888 1111 1953 deserto
1157 1886 1309 1950 Acili
1355 1890 1589 1951 nomine
1636 1910 1787 1974 opus
1834 1887 2023 1951 faciat.

675 2004 844 2083 Nam,
889 2006 1030 2068 mihi
1077 2026 1252 2089 quam
1297 2001 1520 2067 dederit
1562 2002 1782 2088 duplex
1822 2004 2174 2068 Amathusia
2214 2026 2428 2081 curam,

767 2120 963 2198 Scitis,
1013 2133 1070 2184 et
1113 2123 1174 2183 in
1223 2142 1341 2206 quo
1389 2141 1479 2183 me
1527 2123 1814 2185 corruerit
1855 2143 2084 2208 genere,

680 2237 830 2303 Cum
873 2250 1100 2301 tantum
1148 2236 1408 2299 arderem
1456 2249 1741 2322 quantum
1789 2237 2089 2303 Trinacria
2132 2260 2310 2325 rupes

764 2355 1150 2441 Lymphaque
1173 2357 1257 2423 ein
1305 2351 1535 2417 Oetaeis
1580 2352 1758 2416 Malia
1807 2353 2240 2442 Thermopylis,

678 2472 905 2536 Maesta
948 2490 1136 2556 neque
1183 2468 1422 2534 assiduo
1469 2467 1764 2533 tabescere
1811 2470 2027 2535 lumina
2070 2470 2214 2536 fletu

768 2588 1078 2654 Cessarent
1120 2589 1391 2672 tristique
1438 2584 1621 2648 imbre
1667 2586 1897 2651 madere
1943 2610 2152 2675 genae:

681 2705 880 2787 Qualis
926 2707 985 2767 in
1034 2705 1175 2767 ae'rii
1219 2702 1521 2788 perlucens
1568 2705 1781 2766 vertice
1827 2707 2042 2768 montis

764 2823 953 2886 Rivus
998 2842 1271 2885 muscoso
1318 2819 1553 2904 prosilit
1597 2841 1626 2882 e
1671 2818 1882 2906 lapide,

681 2938 824 3023 Qui,
889 2961 1017 3002 cum
1079 2936 1148 3000 de
1206 2958 1397 3023 prona
1450 2956 1727 3021 praeceps
1788 2949 1876 3000 est
1928 2938 2075 3002 valle
2134 2938 2391 3015 volutuS‚

765 3056 880 3120 Per
923 3052 1175 3117 medium
1223 3051 1387 3117 densi
1430 3056 1642 3117 transit
1684 3055 1795 3117 iter
1837 3055 2062 3141 populi,

677 3171 860 3237 Dulce
906 3174 1118 3235 viatori
1165 3171 1319 3234 lasso
1367 3171 1427 3232 in
1474 3170 1690 3234 sudore
1736 3169 2013 3249 levamen,

769 3287 918 3353 Cum
962 3290 1157 3376 gravis
1205 3301 1449 3352 exustos
1497 3301 1691 3353 aestus
1738 3287 1959 3353 hiulcat
2001 3309 2194 3377 agros·

2952 58 2963 69 n

3044 0 3061 183 2*ss—
