3084 3967
499 2037 556 2078 10

495 2612 552 2657 15

1629 335 1707 397 16

1294 726 1432 784 vm.
1501 727 1605 784 An
1654 727 1742 786 SE
1789 727 2022 789 u‘sUm.

804 934 1021 1037 Miser
1066 968 1316 1051 Catulle,
1367 972 1602 1039 desinas
1648 976 1916 1061 ineptire,

802 1089 881 1155 Et
925 1088 1093 1178 quod
1139 1088 1304 1155 vides
1351 1093 1595 1178 perisse,
1644 1089 1941 1178 perditum
1987 1087 2187 1154 dueas.

800 1206 1043 1271 Fulsere
1090 1205 1391 1295 quondam
1441 1204 1673 1271 candidi
1723 1204 1831 1270 tibi
1877 1204 2051 1281 soles,

803 1320 956 1388 Cum
1006 1320 1334 1387 ventitabas
1382 1343 1505 1410 quo
1555 1322 1751 1409 puella
1797 1320 2051 1385 ducebat

802 1437 1019 1503 Amata
1062 1435 1238 1501 nobis
1286 1450 1573 1526 quantum
1621 1435 1916 1501 amabitur
1963 1436 2141 1501 nulla.

798 1553 883 1618 lbi
933 1553 1029 1619 illa
1076 1554 1261 1619 multa
1309 1568 1431 1620 tum
1480 1557 1684 1619 iocosa
1732 1553 1971 1629 fiebant,

802 1669 965 1753 Quae
1014 1684 1079 1735 tu
1127 1670 1370 1735 volebas
1419 1693 1525 1734 nec
1572 1670 1769 1758 puella
1814 1667 2083 1734 nolebat:

797 1786 1040 1850 Fulsere
1088 1808 1221 1849 vere
1270 1783 1501 1848 candidi
1551 1784 1659 1847 tibi
1707 1785 1882 1849 soles,

797 1901 970 1968 Nune
1016 1904 1127 1964 iam
1176 1898 1272 1962 illa
1319 1922 1442 1963 non
1491 1899 1648 1963 vult:
1699 1912 1762 1964 tu
1811 1922 2051 1990 quoque
2097 1903 2311 1989 impete
2358 1905 2565 1966 insano

799 2015 919 2082 Nee
966 2036 1116 2102 quae
1164 2013 1319 2103 sugit
1364 2030 1606 2094 sectare,
1655 2038 1762 2081 nee
1811 2020 1987 2082 miser
2031 2019 2185 2081 vive.

799 2132 920 2199 Sed
968 2130 1268 2196 obstinata
1314 2146 1503 2199 mente
1550 2132 1762 2220 perfer,
1814 2133 2064 2198 obdura.

793 2250 961 2327 Vale,
1010 2248 1237 2336 puella:
1285 2251 1397 2313 iam
1447 2247 1719 2315 Catullus
1769 2250 2057 2315 obdurat:

793 2365 914 2432 Nee
957 2379 1015 2430 te
1063 2367 1342 2452 requiret,
1390 2387 1497 2430 nee
1544 2366 1784 2454 rogabit
1827 2370 2091 2432 invitam.

792 2483 876 2550 At
920 2496 987 2548 tu
1037 2479 1285 2557 dolebis,
1335 2502 1468 2546 eum
1512 2482 1819 2570 rogaberis
1866 2484 2047 2548 nulla.

794 2598 1073 2677 Scelesta,
1121 2620 1321 2675 nosce,
1372 2620 1523 2686 quae
1571 2599 1680 2664 tibi
1726 2613 1922 2664 manet
1967 2601 2118 2665 vital

792 2713 940 2797 Quis
987 2738 1146 2781 nune
1190 2728 1247 2780 te
1295 2714 1528 2780 adibit?
1575 2719 1668 2781 eui
1719 2714 2008 2781 videberis
2055 2715 2255 2780 bella?

791 2829 981 2913 Quem
1025 2853 1184 2897 nune
1231 2830 1505 2897 amabis?
1551 2834 1718 2895 euius
1766 2853 1893 2894 esse
1941 2831 2195 2896 diceris?

792 2945 981 3029 Quem
1027 2943 1330 3012 basiabisi’
1376 2951 1468 3012 eui
1518 2946 1727 3009 labella
1771 2946 2116 3013 mordebis?

789 3062 875 3129 At
919 3072 1006 3137 tu,
1058 3057 1305 3139 Catulle,
1356 3064 1685 3128 destinatus
1735 3061 1983 3129 obdura.

1422 3328 1519 3336 .---·-
1547 3328 1800 3338 -20aew
1829 3329 1842 3340 ,ν
