3084 3967
438 1979 491 2024 10

438 2567 493 2610 15

439 3153 493 3192 20

1542 366 1626 432 ⁷2

1021 691 1298 752 XXXVII.
1361 693 1460 751 AD
1505 691 2141 754 CONTUBERNALES.

789 860 994 965 Salax
1037 892 1280 960 taberna
1323 916 1553 982 vosque
1600 894 2063 974 contubernaleS‚

782 1013 841 1079 A
875 1013 1112 1100 pileatis
1158 1034 1316 1076 nona
1362 1011 1644 1077 fratribus
1689 1015 1826 1101 pila,
2142 998 2146 1002 ‚

782 1127 939 1195 Solis
984 1133 1208 1217 putatis
1256 1151 1381 1193 esse
1429 1130 1716 1194 mentulas
1763 1129 1981 1195 vobis?

783 1244 940 1311 Solis
986 1245 1174 1322 licere,
1224 1245 1508 1333 quicquid
1554 1260 1643 1311 est
1686 1248 2033 1334 puellarum,

784 1361 1146 1429 Confutuere
1194 1376 1253 1427 et
1295 1376 1505 1452 putare
1555 1377 1779 1429 eeteros
1825 1366 2069 1431 hircos?

780 1481 895 1557 An,
945 1485 1310 1546 continenter
1354 1481 1519 1570 quod
1566 1482 1777 1547 sedetis
1823 1485 2032 1549 insulsi

784 1598 1033 1665 Centum
1080 1622 1154 1663 an
1202 1598 1454 1676 ducenti,
1503 1622 1628 1664 non
1671 1605 1893 1688 putatis
1942 1625 2222 1668 ausurum

779 1717 878 1781 Me
923 1741 1043 1782 una
1087 1716 1372 1781 ducentos
1419 1719 1703 1781 irrumare
1749 1719 2053 1784 sessores?

777 1822 965 1922 Atqui
1007 1846 1240 1921 putate:
1287 1855 1538 1921 namque
1584 1837 1770 1898 totius
1818 1835 1990 1900 vobis

777 1951 1057 2016 Frontem
1100 1949 1376 2014 tabernae
1423 1949 1847 2037 sponsionibus
1896 1951 2163 2017 scribam.

777 2067 979 2134 Puella
1025 2088 1156 2129 nam
1204 2070 1300 2143 mi,
1351 2088 1500 2154 quae
1548 2090 1676 2131 meo
1725 2071 1860 2133 sinu
1906 2068 2076 2158 fugit,

779 2184 991 2249 Amata
1036 2196 1263 2247 tantum
1314 2196 1597 2272 quantum
1648 2184 1940 2250 amabitur
1983 2186 2161 2264 nulla,

777 2303 897 2367 Pro
945 2322 1064 2388 qua
1106 2300 1249 2364 mihi
1296 2312 1437 2364 sunt
1478 2301 1885 2389 magna‘bella
1929 2317 2209 2392 pugnata,

780 2416 1065 2485 Consedit
1109 2420 1256 2482 istic.
1326 2416 1492 2481 Hanc
1535 2416 1680 2482 boni
1726 2418 1995 2509 beatique

781 2537 997 2603 Omnes
1044 2538 1267 2612 amatiS,
1318 2548 1377 2599 et
1421 2534 1676 2622 quidem,
1726 2536 1891 2625 quod
1936 2537 2240 2626 indignum
2286 2554 2391 2619 est,

782 2653 996 2720 Omnes
1041 2652 1241 2741 pusilli
1288 2665 1345 2716 et
1392 2656 1666 2718 semitarii
1711 2655 1970 2719 moechi:

780 2772 879 2836 Tu
921 2783 1153 2859 praeter
1197 2792 1397 2834 omnes
1444 2793 1559 2834 une
1607 2771 1678 2835 de
1726 2772 2025 2859 capillatiS‚

785 2888 1171 2955 Cuniculosae
1220 2885 1562 2953 Celtiberiae
1606 2888 1708 2965 fili,

776 3006 1007 3094 Egnati,
1059 3028 1242 3094 opaca
1287 3027 1458 3093 quem
1503 3004 1729 3069 bonum
1775 3004 1911 3071 facit
1953 3005 2137 3074 barba

777 3123 855 3187 Et
900 3121 1040 3186 dens
1084 3121 1248 3187 lbera
1294 3122 1605 3187 defricatus
1651 3125 1838 3187 urina.

1359 3389 1778 3400 —————
