3084 3967
494 2174 547 2211 10

494 2756 546 2795 15

491 3342 546 3382 20

1592 346 1678 410 80

1274 847 1436 906 XLII.
1497 847 1572 905 ΙΝ
1609 847 1976 913 QUANDAM.

972 1062 1236 1178 Adeste,
1284 1099 1777 1187 hendecasyllabi,
1827 1115 1978 1188 quot
2022 1104 2160 1167 estis

974 1216 1191 1282 Omnes
1235 1216 1516 1304 undique,
1567 1230 1868 1305 quotquot
1913 1222 2052 1282 estis
2101 1240 2319 1282 omnes·

970 1335 1169 1399 Iocum
1215 1355 1306 1397 me
1350 1345 1524 1420 putat
1571 1356 1697 1398 esse
1741 1335 1986 1399 moecha
2030 1338 2221 1422 turpis

970 1450 1049 1515 Et
1091 1464 1267 1540 negat
1309 1450 1453 1514 mihi
1502 1464 1695 1516 vestra
1739 1452 2100 1517 reddituram

969 1567 1308 1655 Pugillaria,
1358 1571 1409 1631 si
1452 1571 1578 1654 pati
1621 1571 1890 1656 potestis.

969 1685 1402 1772 Persequamur
1446 1707 1591 1762 eam,
1640 1698 1699 1749 et
1741 1685 2155 1773 reflagitemuS.

973 1799 1135 1883 Quae
1181 1804 1276 1878 sit,
1326 1800 1650 1888 quaeritis?
1710 1802 1830 1878 Illa,
1882 1824 2055 1889 quam
2102 1801 2313 1865 videtis

974 1917 1177 2002 Turpe
1224 1916 1507 1994 incedere,
1555 1919 1779 1981 mimice
1826 1940 1893 1981 ac
1937 1918 2177 1982 moleste

969 2031 1280 2097 Ridentem
1325 2034 1501 2097 catuli
1548 2056 1648 2097 ore
1697 2032 1993 2098 Gallicani.

973 2145 1396 2214 Circumsistite
1443 2172 1587 2227 eam,
1636 2163 1694 2213 et
1736 2151 2085 2239 reflagitate:

972 2265 1259 2329 »Moecha
1303 2266 1531 2353 putida,
1580 2266 1757 2330 redde
1803 2268 2120 2345 codicillos,

968 2381 1191 2459 Redde,
1239 2383 1448 2470 putida
1492 2383 1755 2460 moecha,
1805 2383 2154 2448 codicillos«

969 2499 1107 2563 Non
1151 2502 1299 2563 assis
1347 2498 1533 2563 sacis?
1605 2482 1654 2564 Ο
1703 2500 1909 2575 lutum,
1956 2501 2223 2588 lupanar,

969 2615 1098 2680 Aut
1141 2618 1191 2680 si
1234 2615 1524 2702 perditius
1570 2629 1772 2703 potest
1816 2616 1959 2704 quid
2005 2640 2148 2682 esse.

969 2731 1088 2797 Sed
1132 2755 1256 2812 non
1299 2746 1389 2796 est
1430 2745 1627 2797 tamen
1671 2733 1787 2797 hoc
1832 2736 1972 2798 satis
2016 2733 2362 2821 putandum.

971 2847 1148 2932 Quod
1193 2853 1245 2914 si
1289 2872 1413 2913 non
1458 2848 1619 2913 aliud
1663 2862 1879 2936 potest,
1927 2849 2203 2916 ruborem

968 2964 1182 3031 Ferreo
1232 2969 1389 3030 canis
1435 2968 1830 3052 exprimamus
1877 2989 1997 3033 ore.

973 3078 1343 3148 Conclamate
1386 3086 1598 3147 iterum
1643 3084 1847 3149 altiore
1890 3108 2063 3151 voce:

973 3197 1259 3263 »Moecha
1303 3200 1528 3287 putida,
1576 3200 1753 3266 redde
1801 3201 2116 3277 codicillos

969 3296 1192 3393 Redde,
1239 3296 1447 3403 putida
1492 3318 1751 3395 moecha,
1801 3319 2148 3383 codicillos«
