3084 3967
12 0 25 175 -Πιῦιὶἰ-ᾑ-Ἤ

489 708 547 747 10

492 3030 546 3069 10

1524 371 1667 463 '36

883 564 959 628 Et
1004 561 1168 650 quod
1211 566 1441 648 pruriat
1483 565 1725 626 incitare
1771 563 2032 648 possint,

884 679 1019 743 Non
1067 677 1197 741 dieo
1244 682 1465 765 pueris,
1516 678 1621 742 sed
1665 678 1764 740 his·
1804 678 2034 763 pilosiS‚

887 769 1001 877 Qui
1050 794 1232 858 duros
1280 809 1582 883 nequeunt
1627 815 1861 858 movere
1909 790 2162 856 lumbos,

803 901 810 909 ⁶
881 911 1029 1009 Vos,
1082 911 1245 997 quod
1290 913 1447 976 milia
1493 913 1676 977 multa
1723 910 2026 985 basiorum

882 1016 1153 1115 Legistis,
1203 1030 1348 1093 male
1395 1053 1485 1094 me
1530 1054 1749 1095 marem
1792 1026 2063 1115 putatis?

881 1143 1209 1208 Paedieabo
1260 1168 1368 1232 ego
1418 1169 1528 1210 vos
1577 1160 1635 1209 et
1679 1142 1999 1210 irrumabO.

1229 1711 1425 1770 XVIII.
1488 1712 1590 1769 AD
1640 1709 2021 1769 COLONlAM.

791 1922 862 2022 Ο
915 1956 1193 2034 Colonia,
1248 1980 1398 2043 quae
1446 1961 1613 2045 cupis
1660 1970 1841 2044 ponte
1886 1957 2086 2022 ludere
2132 1956 2332 2043 longo,

786 2074 864 2137 Et
909 2074 1079 2136 salire
1125 2087 1396 2160 paratum
1444 2062 1655 2150 habes,
1706 2073 1808 2137 sed
1854 2077 2072 2138 vereris
2117 2076 2315 2160 inepta

790 2188 981 2254 Crura
1024 2192 1312 2276 ponticuli
1360 2192 1573 2256 assulis
1623 2195 1830 2255 stantis
1877 2195 1938 2254 in
1984 2189 2281 2266 redivivis,

786 2306 873 2370 Ne
922 2309 1171 2393 supinus
1219 2319 1311 2370 eat
1358 2329 1616 2394 cavaque
1664 2312 1723 2371 in
1768 2307 1983 2396 palude
2028 2305 2358 2383 recumbat3

788 2423 887 2487 Sic
932 2422 1041 2487 tibi
1086 2422 1282 2486 bonus
1331 2446 1405 2486 ex
1450 2437 1556 2487 tua
1598 2448 1752 2511 pons
1799 2424 2041 2488 libidine
2086 2424 2216 2500 fiat,

785 2541 851 2604 In
899 2563 1018 2627 quo
1067 2539 1161 2602 vel
1208 2536 1561 2603 Salisubsuli
1609 2563 1771 2604 sacra
1817 2543 2239 2626 suscipiantur:

787 2657 1008 2720 Munus
1054 2657 1169 2720 hoc
1215 2654 1358 2718 mihi
1405 2660 1642 2720 maximi
1692 2658 1792 2734 da,
1846 2655 2123 2733 Colonia,
2170 2661 2346 2721 risus.

794 2771 1096 2853 Quendam
1142 2775 1492 2859 municipem
1538 2796 1731 2837 meum
1781 2773 1850 2837 de
1896 2787 2001 2838 tuo
2050 2773 2189 2837 volo
2235 2787 2415 2860 ponte

720 2934 735 2945 ,
787 2889 875 2951 Ire
921 2893 1293 2977 praecipitem
1342 2893 1402 2953 in
1432 2890 1638 2954 dutum
1683 2913 1789 2977 per
1835 2903 2146 2978 caputque·
2171 2891 2494 2978 pedesqueg

788 3005 1009 3069 Verum
1056 3010 1241 3071 totius
1287 3020 1359 3070 ut
1402 3008 1563 3070 lacus
1609 3011 1973 3094 punicaeque
2016 3007 2252 3094 paludis

789 3120 1161 3186 Lividissima
1205 3126 1573 3211 maximeque
1621 3136 1710 3188 est
1752 3124 2049 3212 profunda
2093 3148 2337 3212 vorago,

793 3239 1219 3303 Insulsissimus
1267 3255 1356 3304 est
1400 3241 1601 3320 home,
1651 3264 1756 3305 nee
1801 3246 1958 3329 sapit
1998 3247 2168 3329 pueri
2210 3246 2396 3306 instar

786 3356 1002 3419 Bimuli
1045 3357 1292 3419 tremula
1337 3362 1521 3443 patris
1571 3358 1913 3424 dormientis
1961 3363 2020 3423 in
2065 3360 2222 3423 ulna.
