3084 3967
1595 366 1678 431 58

802 544 956 628 Quid
1000 545 1186 622 hunc,
1234 543 1479 623 maluin,
1527 545 1786 610 fovetis?
1831 560 1935 611 aut
1979 549 2125 635 quid
2170 549 2264 612 hie
2308 562 2531 636 potest,

797 661 923 726 Nisi
967 674 1144 725 uncta
1189 660 1470 726 devorare
1516 662 1916 750 patrimonia?

796 778 957 841 Eone
1000 780 1236 842 nomine
1281 776 1446 842 urbis
1494 778 1876 866 oppidissime

797 894 976 959 Socer
1017 916 1313 983 generque
1357 894 1696 983 perdidistis
1745 895 1985 959 omnia?

1418 1162 1832 1170 ——m-

1222 1461 1402 1521 XXX.
1462 1463 1565 1521 AD
1610 1463 2023 1523 ALPHENUM.

697 1672 990 1799 Alphene
1035 1715 1338 1775 immemor
1383 1724 1560 1798 atque
1604 1714 1897 1775 unanimis
1943 1709 2085 1775 false
2131 1711 2455 1789 sodalibuS‚
2543 1735 2554 1750 ·

697 1831 814 1893 Iam
856 1841 913 1893 te
959 1828 1041 1891 nil
1085 1831 1350 1904 miseret,
1402 1826 1576 1903 dure,
1624 1830 1714 1890 tui
1762 1826 1947 1902 duleis
1995 1827 2272 1904 amiculi?

696 1946 813 2008 Iam
857 1967 948 2008 me
991 1943 1273 2031 prodere,
1322 1946 1438 2007 iam
1482 1966 1606 2006 non
1653 1941 1888 2006 dubitas
1935 1941 2161 2019 fallere,
2210 1942 2475 2030 perfide?

695 2060 815 2125 Nec
864 2060 1016 2124 facta
1059 2063 1238 2147 impia
1282 2057 1551 2124 fallacum
1598 2059 1901 2122 hominum
1948 2058 2233 2122 caelicolis
2279 2059 2537 2146 placent:

519 2205 544 2244 5
699 2176 861 2272 Quae
905 2190 974 2240 tu
1019 2176 1294 2264 negligiS,
1345 2198 1411 2238 ae
1454 2198 1547 2239 me
1592 2179 1868 2240 miserum
1915 2174 2132 2239 deseris
2178 2179 2239 2239 in
2283 2174 2469 2240 malis.

693 2292 891 2357 Eheu!
940 2292 1085 2380 quid
1128 2289 1370 2368 faciant,
1420 2290 1541 2367 die,
1592 2292 1880 2368 homines,
1931 2294 2097 2355 cuive
2143 2290 2400 2357 habeant
2441 2293 2657 2359 fidem?

698 2409 869 2476 Certe
914 2420 1039 2474 tute
1086 2406 1331 2472 iubebas
1378 2411 1630 2472 animam
1676 2407 1934 2485 tradere,
1982 2411 2213 2495 inique,
2262 2432 2353 2474 me

695 2526 979 2591 Inducens
1024 2527 1086 2588 in
1131 2546 1414 2601 amorem,
1466 2528 1637 2612 quasi
1679 2536 1811 2589 tuta
1858 2527 2052 2589 omnia
2094 2528 2176 2590 mi
2222 2525 2432 2591 forent.

694 2643 852 2707 Idem
895 2664 1053 2706 nune
1096 2640 1346 2705 retrahis
1391 2654 1448 2705 te
1495 2664 1563 2705 ae
1605 2655 1710 2705 tua
1755 2640 1908 2706 dieta
1956 2645 2153 2705 omnia
2197 2638 2464 2732 factaque

491 2789 544 2828 10
697 2760 924 2824 Ventos
968 2761 1134 2823 irrita
1176 2756 1325 2822 ferre
1371 2780 1437 2821 ac
1480 2757 1726 2822 nebulas
1773 2761 1957 2822 aerias
2004 2761 2166 2823 siniS.

701 2874 767 2939 Si
811 2888 880 2938 tu
925 2874 1141 2940 oblitus
1188 2897 1268 2952 οε,
1317 2887 1378 2940 at
1423 2874 1483 2939 di
1529 2878 1945 2953 meminerunt,
1992 2879 2254 2942 meminit
2296 2878 2343 2942 F
2346 2878 2489 2955 ides,

702 2990 863 3074 Quae
908 3004 965 3055 te
1009 3005 1078 3056 ut
1119 2996 1413 3080 paeniteat
1455 2991 1775 3080 postmodo
1825 2991 1960 3056 faeti
2005 2991 2176 3059 faciet
2217 2997 2326 3059 tui.

1407 3259 1826 3268 ww*
