3084 3967
428 1174 514 1217 385

426 1758 513 1800 390

352 2403 365 2418 ι
427 2344 512 2384 395

426 2925 512 2964 400

1531 397 1656 460 180

839 577 1039 644 Anxia
1082 598 1188 640 nec
1231 588 1416 640 mater
1462 573 1749 639 discordis
1794 587 2015 638 maesta
2055 574 2284 661 puellae
2347 622 2361 633 ,

753 692 1038 761 Secubitu
1083 716 1249 758 caros
1296 696 1485 757 mittet
1530 714 1765 780 sperare
1808 704 2071 779 nepotes,

754 810 985 878 Currite
1032 809 1306 875 ducentes
1354 809 1751 897 subtegmina,
1801 812 2045 886 currite,
2091 806 2269 872 susi.«

785 1089 793 1098 ·
841 1043 1008 1107 Talia
1052 1042 1382 1131 praefantes
1429 1041 1727 1130 quondam
1776 1020 1962 1107 felicia
2004 1041 2160 1106 Pelei

752 1158 1025 1225 Carmina
1070 1160 1271 1224 divino
1320 1163 1649 1224 cecinerunt
1692 1172 1927 1247 pectore
1971 1159 2207 1224 Parcae.

748 1275 1091 1341 Praesentes
1138 1298 1389 1364 namque
1436 1288 1567 1340 ante
1615 1275 1824 1339 domos
1870 1278 2121 1339 invisere
2168 1286 2354 1338 castas

748 1392 1009 1457 Heroum
1058 1405 1117 1458 et
1161 1415 1286 1457 sese
1331 1393 1566 1456 mortali
1612 1391 1916 1457 ostendere
1965 1404 2138 1455 coetu

751 1508 1072 1576 Caelicolae
1117 1509 1381 1573 nondum
1428 1522 1625 1595 spreta
1668 1512 1883 1596 pietate
1931 1508 2217 1572 solebant.

752 1625 940 1714 Saepe
984 1640 1151 1714 pater
1196 1626 1396 1690 divum
1442 1625 1662 1712 templo
1710 1628 1770 1689 in
1815 1624 2071 1713 fulgente
2117 1626 2393 1700 revisenS‚

747 1743 968 1807 Annua
1012 1766 1140 1807 cum
1188 1742 1350 1807 festis
1399 1744 1702 1823 venissent,
1739 1763 1904 1805 sacra
1948 1740 2173 1817 diebuS‚

752 1857 1081 1945 Conspexit
1125 1872 1281 1924 terra
1327 1871 1555 1923 centum
1601 1857 1985 1945 procumbere
2030 1870 2251 1921 tauros,

751 1974 938 2062 Saepe
985 1998 1170 2064 vagus
1217 1974 1393 2040 Liber
1435 1974 1681 2039 Parnasi
1728 1978 1940 2040 vertice
1988 1996 2214 2038 summo

751 2076 1054 2179 Tthiadas
1103 2091 1300 2156 effusis
1348 2095 1572 2155 evantis
1621 2091 1877 2155 crinibus
1924 2094 2070 2180 egit,

751 2206 900 2274 Cum
947 2209 1160 2295 Delphi
1204 2221 1332 2272 tota
1378 2211 1637 2272 certatim
1683 2231 1759 2272 ex
1802 2207 1949 2272 urbe
1995 2220 2229 2272 ruentes

747 2325 1097 2411 Acciperent
1140 2325 1273 2388 laeti
1319 2324 1520 2388 divum
1567 2324 1927 2389 fumantibus
1975 2328 2110 2389 aris,

750 2440 937 2529 Saepe
982 2445 1041 2505 in
1088 2440 1312 2506 letifero
1360 2441 1496 2505 belli
1544 2445 1850 2505 certamine
1895 2442 2137 2506 Mavors

746 2558 875 2622 Aut
917 2558 1105 2645 rapidi
1154 2558 1418 2621 Tritonis
1464 2559 1604 2622 hera
1651 2572 1754 2622 aut
1797 2558 2162 2622 Rhamnusia
2206 2560 2374 2646 virgo

747 2674 1022 2739 Armatas
1069 2674 1372 2738 hominum
1422 2687 1511 2756 est
1553 2698 1827 2762 praesens
1875 2675 2112 2738 hortata
2156 2687 2437 2739 catervas.

751 2789 870 2856 Sed
914 2802 1230 2878 postquam
1275 2791 1446 2855 tellus
1495 2792 1704 2855 scelere
1751 2804 1839 2856 est
1884 2790 2109 2855 imbuta
2154 2790 2426 2867 nefando,

746 2905 1148 2995 Iustitiamque
1195 2930 1394 2972 omnes
1442 2906 1656 2994 cupida
1702 2906 1773 2970 de
1819 2919 2008 2970 mente
2055 2894 2351 2995 fugarunt,

747 3020 1063 3088 Persudere
1108 3047 1316 3089 manus
1363 3023 1620 3088 fraterno
1669 3027 1952 3112 sanguine
1998 3023 2225 3102 fratreS‚

710 3137 988 3203 ·Destitit
1035 3144 1357 3205 exstinctos
1402 3154 1577 3206 natus
1623 3142 1822 3229 lugere
1868 3152 2157 3228 parenteS‚

752 3251 996 3342 Optavit
1039 3261 1271 3343 genitor
1315 3262 1596 3345 primaevi
1641 3257 1847 3322 funera
1889 3261 2030 3335 nati,

742 3371 921 3440 Liber
962 3386 1032 3437 ut
1075 3376 1356 3460 innuptae
1400 3387 1706 3462 poteretur
1748 3375 1896 3441 flore
1939 3395 2243 3452 novercae,
