3084 3967
474 1961 528 1999 10

472 2547 526 2588 15

472 3127 529 3168 20

1583 356 1668 422 76

1201 680 1460 739 xxxm.
1521 680 1599 740 IN
1636 681 2026 742 EGNATIUM.

773 846 1105 969 Egnatius,
1154 882 1321 970 quod
1366 882 1648 948 candidos
1696 883 1876 947 habet
1919 882 2141 959 dentes,

772 997 1027 1063 Renidet
1069 1021 1259 1086 usque
1307 1021 1570 1087 quaque:
1620 1002 1670 1063 si
1717 999 1793 1062 ad
1837 1003 1921 1063 rei
1968 1012 2211 1063 ventum
2258 1012 2348 1063 est

776 1114 1152 1191 Subsellium,
1202 1137 1335 1178 cum
1383 1129 1587 1180 orator
1633 1118 1852 1180 excitat
1895 1116 2117 1192 fletum,

771 1229 1026 1295 Renidet
1067 1230 1192 1294 ille:
1240 1230 1414 1295 si‘ad
1456 1235 1540 1318 pii
1584 1254 1797 1319 rogum
1842 1231 1926 1295 fili

769 1348 1055 1434 Lugetur‚
1105 1345 1252 1414 orba
1297 1370 1429 1411 eum
1473 1347 1577 1411 flet
1620 1350 1859 1411 unicum
1905 1360 2106 1425 mater,

772 1462 1026 1528 Renidet
1068 1464 1191 1529 ille:
1239 1463 1522 1551 quicquid
1569 1477 1675 1540 est,
1725 1463 2060 1551 ubicunque
2107 1478 2212 1542 est,

775 1580 1187 1669 Quodcunque
1233 1584 1371 1669 agit,
1419 1580 1665 1647 renidet.
1735 1581 1908 1646 Hune
1954 1581 2134 1647 habet
2179 1580 2448 1647 morbum

770 1698 976 1786 Neque
1022 1698 1370 1786 elegantem,
1417 1711 1488 1762 ut
1533 1697 1818 1775 arbitror,
1868 1720 2060 1785 neque
2106 1698 2417 1764 urbanum.

772 1814 966 1900 Quare
1011 1813 1341 1878 monendus
1387 1837 1449 1879 es
1495 1815 1659 1893 mihi,
1705 1814 1861 1879 bone
1905 1815 2151 1903 Egnati:

772 1931 838 1998 Si
883 1930 1147 1996 urbanus
1196 1953 1373 2019 esses,
1423 1943 1530 1994 aut
1575 1928 1850 2007 Sabinm,
1901 1943 2007 1994 aut
2054 1929 2294 2008 Tiburs,

769 2048 898 2113 Aut
939 2068 1152 2134 pareus
1200 2044 1436 2123 Umber,
1487 2059 1618 2127 aut,
1638 2045 1853 2110 obesus
1899 2046 2207 2125 Etruscus,

769 2164 897 2229 Aut
937 2163 1282 2229 Lanuvinus
1330 2177 1455 2229 ater
1499 2176 1674 2249 atque
1720 2162 2013 2240 dentatus,

768 2281 895 2346 Aut
941 2278 1423 2366 Transpadanus,
1477 2292 1545 2342 ut
1589 2302 1749 2344 meos
1798 2302 2037 2367 quoque
2085 2285 2385 2370 attingam,

770 2398 898 2463 Aut
942 2398 1045 2483 qui
1090 2394 1295 2472 lubet,·
1323 2399 1424 2482 qui
1470 2397 1697 2483 puriter
1743 2395 1884 2460 lavit
1930 2396 2152 2474 dentes,

772 2516 997 2580 Tamen
1040 2511 1303 2576 renidere
1350 2511 1548 2600 usque'
1588 2535 1820 2600 quaque
1864 2526 1922 2577 te
1967 2514 2213 2578 nollem:

765 2632 915 2698 Nam
959 2633 1086 2695 risu
1131 2632 1331 2716 inepto
1379 2651 1471 2694 res
1517 2632 1774 2717 ineptior
1818 2630 1977 2695 nulla
2024 2644 2130 2696 est.

769 2747 942 2814 Nunc
988 2745 1245 2813 Celtiber
1291 2769 1383 2810 es:
1433 2744 1746 2812 Celtiberia
1789 2751 1849 2811 in
1893 2761 2067 2824 terra,

634 2891 657 2913 ·
771 2865 948 2950 Quod
993 2868 1244 2952 quisque
1290 2866 1519 2940 minxit,
1569 2863 1685 2926 hoe
1730 2864 1840 2928 sibi
1885 2865 2039 2929 solet
2083 2888 2249 2931 mane

770 2982 1015 3046 Dentem
1062 2995 1238 3070 atque
1283 3002 1513 3046 russam
1561 2979 1834 3046 defricare
1879 2985 2207 3072 gingivam3

770 3097 851 3164 Ut
895 3119 1015 3184 quo
1062 3100 1172 3163 iste
1216 3112 1410 3165 vester
1455 3099 1775 3186 expolitior
1821 3099 1963 3166 dens
2011 3115 2117 3179 est,

767 3216 897 3280 Hoe
938 3226 998 3280 te
1044 3215 1292 3303 amplius
1336 3216 1559 3282 bibisse
1603 3216 1897 3303 praedicet
1939 3219 2069 3284 loti.
