3084 3967
497 771 576 843 ‘75

449 1382 580 1424 '80

524 1963 581 2006 85

526 2548 582 2591 90

526 3128 582 3171 95

1585 319 1712 430 212'

859 549 1152 636 Tempore
1184 569 1303 636 quo
1337 560 1492 611 certa
1523 544 1895 634 Stymphalia
1925 558 2190 609 monstra
2213 547 2437 632 sagitta

942 664 1200 731 Perculit
1242 666 1486 752 imperio
1536 662 1842 728 deterioris
1888 662 2034 739 heri,

857 782 1135 847 Pluribus
1183 793 1252 845 ut
1296 781 1435 845 caeli
1480 793 1768 845 tereretur
1810 783 1987 844 ianua
2033 777 2203 855 divis,

943 898 1106 963 Hebe
1152 921 1257 962 nec
1301 899 1478 986 longa
1523 900 1858 985 virginitate
1906 895 2075 971 floret.

861 1013 980 1079 Sed
1024 1029 1165 1080 tuus
1213 1016 1364 1081 altus
1411 1037 1579 1079 amor
1620 1013 1902 1078 barathro
1951 1006 2282 1077 fuit'altior
2325 1011 2445 1087 illo,

948 1131 1064 1216 Qui
1107 1145 1301 1197 tamen
1347 1131 1688 1195 indomitam
1738 1128 1885 1193 ferre
1931 1133 2133 1217 iugum
2182 1127 2403 1192 docuit.

858 1246 1007 1312 Nam
1050 1271 1238 1336 neque
1281 1261 1398 1311 tam
1442 1269 1637 1311 carum
1683 1237 1947 1310 confecto
1992 1258 2179 1310 aetate
2210 1247 2437 1332 parenti

953 1364 1078 1430 Una
1125 1378 1301 1452 caput
1346 1367 1460 1428 seri
1506 1376 1644 1427 nata
1689 1366 1921 1450 nepotis
1968 1364 2085 1439 alit,

862 1481 995 1566 Qui,
1046 1504 1177 1547 cum
1225 1482 1442 1545 divitiis
1491 1484 1596 1545 vix
1641 1480 1877 1544 tandem
1921 1483 2197 1545 inventus
2244 1482 2416 1544 avitis

947 1598 1175 1665 Nomen
1222 1611 1463 1664 testatas
1510 1598 1710 1662 intulit
1754 1601 1815 1661 in
1860 1596 2110 1674 tabulas,

859 1717 1041 1804 Impia
1088 1716 1263 1780 derisi
1308 1715 1539 1802 gentilis
1586 1714 1802 1801 gaudia
1843 1714 2054 1778 tollens

951 1833 1213 1898 Suscitat
1256 1855 1291 1895 a
1337 1854 1480 1896 cano
1529 1830 1853 1895 volturium
1901 1834 2106 1918 capiti:

861 1949 981 2015 Nec
1025 1959 1253 2013 tantum
1299 1950 1472 2011 niveo
1522 1950 1725 2035 gavisa
1771 1960 1860 2011 est
1902 1948 2022 2012 ulla
2067 1912 2339 2012 columbo

952 2065 1228 2153 Compar,
1278 2087 1428 2152 quae
1473 2063 1661 2128 multo
1710 2062 1923 2128 dicitur
1967 2065 2295 2153 improbius

863 2181 1079 2249 Oscula
1122 2182 1415 2247 mordenti
1461 2203 1690 2268 semper
1735 2180 2038 2269 decerpere
2084 2194 2301 2260 rostro,

952 2299 1139 2384 Quam
1188 2322 1335 2387 quae
1380 2301 1695 2386 praecipue
1739 2298 2045 2363 multivola
2089 2313 2179 2364 est
2221 2299 2446 2363 mulier.

864 2416 985 2482 Sed
1011 2394 1095 2481 'tu
1140 2417 1357 2481 horum
1400 2438 1647 2503 magnos
1695 2418 1885 2480 vicisti
1930 2418 2057 2481 sola
2103 2416 2351 2494 furores,
2444 2454 2452 2464 ·

950 2533 1031 2599 Ut
1076 2533 1252 2597 semel
1295 2556 1355 2597 es
1399 2533 1557 2598 flavo
1606 2535 1909 2597 conciliata
1953 2538 2103 2598 viro.

861 2650 1175 2720 Autnihil
1222 2661 1326 2713 aut
1369 2651 1549 2736 paulo
1599 2653 1691 2714 cui
1736 2662 1863 2714 tum
1910 2649 2223 2715 concedere
2271 2650 2447 2737 digna

947 2768 1086 2835 Lux
1127 2789 1254 2831 mea
1298 2789 1359 2830 se
1404 2779 1674 2831 nostrum
1724 2767 1972 2831 contulit
2013 2768 2075 2830 in
2120 2769 2421 2854 gremium,

867 2882 1055 2967 Quam
1100 2887 1559 2948 circumcursans
1605 2883 1743 2947 hinc
1787 2883 1944 2947 illine
1989 2906 2160 2971 saepe
2209 2882 2441 2970 Cupido

950 3000 1238 3089 Fulgebat
1285 3004 1517 3066 crocina
1564 2999 1847 3065 candidus
1893 3003 1954 3063 in
1997 3004 2215 3065 tunica.

868 3115 1029 3200 Quae
1065 3128 1260 3182 tamen
1295 3122 1403 3183 etsi
1439 3141 1562 3183 uno
1601 3140 1724 3183 non
1759 3131 1849 3184 est
1882 3130 2155 3182 contenta
2187 3115 2437 3193 Catullo,

950 3234 1108 3298 Rara
1153 3236 1512 3300 verecundae
1559 3234 1717 3301 furta
1762 3235 2012 3300 feremus
2060 3236 2249 3314 hei-ae,

859 3349 946 3417 Ne
993 3353 1236 3416 nimium
1282 3355 1465 3417 simus
1513 3355 1830 3419 stultorum
1875 3373 2037 3418 more
2080 3352 2329 3431 molesti.
