3084 3967
430 2030 485 2072 10

431 2588 542 2654 15'

434 3199 491 3238 20

1032 754 1041 761 .
1094 704 1187 766 1v.
1248 662 1655 765 nnch'no
1688 702 2013 764 ruAsEu.

815 920 1120 1022 phaselus
1164 951 1287 1031 illc,
1336 924 1510 1041 quem
1554 952 1796 1043 yidetis,
1843 951 2109 1039 hospites
2125 998 2142 1030 ‚

816 1074 921 1139 Ait
964 1069 1145 1136 fuisse
1187 1071 1426 1135 navium
1470 1070 1830 1146 celerrimus,

697 1243 703 1248 .
815 1186 1020 1277 Neque
1063 1187 1240 1252 ullius
1286 1188 1540 1251 natantis
1584 1188 1866 1272 impetum
1909 1182 2092 1250 trabis

815 1303 1100 1394 Nequisse
1143 1305 1488 1392 praeterire,
1539 1304 1663 1367 sive
1706 1300 1978 1389 palmulis

821 1420 986 1510 Opus
1032 1419 1186 1486 foret
1228 1420 1426 1484 volare
1470 1422 1594 1485 sive
1636 1419 1835 1484 linteo.

815 1537 895 1604 Et
937 1539 1052 1603 hoc
1094 1550 1272 1626 negat
1310 1539 1551 1604 minacis
1596 1535 1882 1602 Adriatici

816 1652 1042 1744 Negare
1086 1656 1255 1733 litus,
1302 1656 1597 1722 insulasve
1645 1650 1963 1740 CycladaS‚

818 1770 1215 1859 Rhodumque
1259 1770 1545 1847 nobilem,
1594 1768 2011 1858 horridamque
2058 1767 2370 1835 Thraciam

815 1885 1215 1974 Propontida,
1261 1899 1558 1951 trucemve
1600 1884 1913 1951 Ponticum
1958 1890 2181 1962 sinum,

818 1999 931 2067 Ubi
976 2003 1114 2079 iste,
1161 2015 1304 2090 post
1344 2002 1650 2090 phaseluS‚
1700 2015 1870 2068 antea
1913 2001 2027 2067 fuit

818 2114 1067 2203 Comata
1111 2118 1285 2182 silva:
1332 2141 1467 2184 nam
1513 2116 1762 2206 Cytorio
1807 2122 1870 2184 in
1913 2122 2055 2208 iugo

817 2234 1123 2323 Loquente
1168 2255 1341 2322 saepe
1386 2233 1622 2300 sibilum
1669 2234 1851 2300 edidit
1896 2255 2078 2300 coma.

819 2351 1076 2417 Amastri
1122 2350 1369 2415 Pontica
1413 2364 1472 2416 et
1516 2348 1740 2440 Cytore
1782 2350 2047 2430 buxifer,

823 2467 959 2533 Tibi
1005 2469 1148 2532 haec
1189 2466 1370 2533 fuisse
1416 2481 1476 2533 et
1517 2490 1645 2532 esse
1691 2470 2090 2557 cognitissima

819 2585 925 2650 Ait
966 2583 1273 2672 phaselus:
1318 2583 1527 2648 ultima
1570 2604 1646 2649 ex
1691 2586 1915 2672 origine
2011 2655 2014 2657 ‚

824 2700 959 2766 Tuo
1008 2706 1235 2769 stetisse
1281 2700 1422 2766 dicit
1462 2703 1525 2764 in
1565 2704 1891 2779 cacumine,

824 2816 984 2889 Tuo.
1007 2817 1288 2884 imbuisse
1331 2816 1618 2906 palmulas
1662 2820 1726 2882 in
1770 2837 2052 2906 aequore,

822 2933 898 2998 Et
941 2932 1077 2998 inde
1120 2948 1215 3000 tot
1253 2956 1362 3024 per
1403 2935 1750 3021 Mpotentia
1793 2932 1941 3000 freta

822 3051 1041 3116 Herum
1082 3050 1289 3116 tulisse
1303 3100 1319 3130 ,
1367 3051 1532 3116 laeva
1575 3052 1700 3115 sive
1744 3049 1983 3117 dextera

821 3167 1079 3233 Vocaret
1121 3188 1293 3244 aura,
1342 3169 1464 3234 sive
1507 3180 1825 3257 utrumque
1867 3160 2162 3258 Iuppiter'

826 3282 1016 3350 Simul
1060 3283 1349 3359 secundus
1394 3283 1694 3350 incidisset
1735 3286 1794 3348 in
1839 3283 2075 3372 pedem3
