3084 3967
1556 347 1682 431 138,

686 529 803 592 Iam
848 532 962 592 iam
1011 530 1299 614 contingit
1344 548 1637 590 summum
1682 524 1875 590 radice
1923 506 2252 613 flagellnm3

634 683 639 686 ’
687 646 852 709 Hanc
896 645 1040 708 nulli
1089 644 1405 730 agricolae,
1453 642 1600 707 nulli
1649 643 1879 706 coluere
1926 644 2190 718 iuvenci3

687 761 771 825 At
817 764 867 824 si
912 761 1063 824 forte
1111 758 1310 823 eadem
1358 772 1446 823 est
1490 761 1652 823 ulmo
1701 763 2011 822 coniuncta
2057 760 2286 835 marite,

450 896 505 935 55
686 878 863 940 Multi
908 878 1060 940 illam
1110 876 1425 963 agricolae,
1473 875 1644 940 multi
1690 877 1921 939 coluere
1966 877 2225 938 iuvenci:

687 992 786 1056 Sic
830 995 1021 1079 virge,
1072 991 1212 1057 dum
1258 995 1476 1056 intacta
1520 1005 1742 1069 manet,
1795 991 1933 1055 dum
1980 990 2201 1054 inculta
2244 994 2518 1055 senescit:

691 1106 842 1173 Cum
886 1131 996 1194 par
1042 1108 1360 1172 conubium
1406 1121 1641 1172 maturo
1690 1121 1951 1195 tempore
2000 1105 2210 1192 adepta
2255 1120 2372 1185 est,

687 1222 839 1289 Cara
885 1228 1014 1288 viro
1062 1228 1247 1311 magis
1295 1238 1353 1288 et
1397 1227 1592 1288 minus
1640 1238 1729 1288 est
1772 1227 1963 1288 invisa
2005 1226 2255 1310 parenti.

769 1457 849 1522 Εῖ
892 1470 961 1520 tu
1006 1480 1077 1521 ne
1124 1480 1325 1544 pugna
1371 1480 1502 1521 cum
1548 1458 1650 1522 tali
1697 1460 1973 1544 coniuge,
2023 1459 2212 1543 virgo,

447 1588 503 1626 60
683 1574 821 1638 Non
867 1597 1117 1662 aequum
1166 1587 1255 1638 est
1296 1597 1592 1661 pugnare,
1641 1587 1810 1660 pater
1858 1576 1952 1637 cui
1977 1572 2239 1637 ‘tradidit
2282 1576 2439 1660 ipse,

680 1693 810 1777 Ipse
854 1703 1023 1778 pater
1068 1713 1197 1754 cum
1244 1692 1455 1767 matre,
1505 1690 1722 1778 quibus
1769 1712 1973 1777 parere
2019 1711 2252 1753 neeesse
2299 1703 2404 1754 est.

681 1808 1005 1895 Virginitas
1053 1829 1175 1870 non
1220 1819 1350 1869 tota
1395 1819 1499 1870 tua
1546 1819 1663 1882 est,
1714 1829 1787 1870 ex
1831 1819 1998 1893 parte
2042 1819 2350 1893 parentum
2398 1820 2513 1871 est:

683 1924 887 1987 Tertia
930 1945 1069 2010 pars
1115 1924 1271 2009 patri
1319 1935 1438 1998 est,
1485 1945 1625 2010 pars
1675 1935 1764 1986 θεῖ
1810 1922 1946 1985 data
1989 1925 2161 1986 tertia
2205 1927 2406 2000 matri,

685 2040 889 2102 Tertia
936 2039 1061 2101 sola
1106 2051 1210 2101 tua
1257 2050 1374 2101 est:
1422 2038 1546 2101 noli
1589 2060 1855 2125 pugnare
1903 2037 2158 2115 duobuS,

444 2180 499 2218 65
685 2155 800 2237 Qui
845 2176 1061 2241 genero
1111 2176 1218 2217 sua
1261 2158 1394 2218 iura
1440 2156 1611 2218 simul
1660 2177 1790 2218 eum
1839 2154 1977 2218 dote
2025 2154 2328 2220 dederunt.

682 2272 915 2357 Hymen
964 2293 998 2334 ο
1044 2268 1410 2357 Hymenaee,
1458 2270 1689 2356 Hymen
1738 2272 1874 2334 ades
1924 2293 1958 2334 ο
2006 2270 2358 2358 Hymenaee.
