3084 3967
1528 372 1656 435 224

1172 887 1440 946 LXXVII.
1502 888 1601 944 AD
1644 886 1729 945 SE
1771 885 2000 945 IPSUM.

521 1095 631 1200 ,Si
677 1154 792 1219 qua
838 1131 1166 1197 recordanti
1212 1132 1514 1197 benefacta
1557 1135 1759 1219 priora
1802 1133 2077 1220 voluptas

623 1246 734 1311 Est
775 1247 1018 1325 homini,
1068 1272 1199 1314 cum
1247 1271 1307 1313 se
1355 1252 1576 1336 cogitat
1620 1271 1743 1313 esse
1789 1252 1972 1336 pium,

536 1361 655 1427 Nec
701 1377 954 1429 sanctam
1001 1367 1252 1431 violasse
1297 1365 1488 1442 fidem,
1536 1387 1643 1429 nec
1687 1364 1919 1428 foedere
1963 1367 2024 1427 in
2069 1364 2190 1428 ullo

535 1475 548 1490 ⁴
624 1479 841 1544 Divum
889 1482 963 1546 ad
1006 1481 1290 1547 fallendos
1336 1485 1573 1547 numine
1620 1481 1868 1546 abusum
1915 1481 2200 1556 homineS‚

434 1610 460 1650 5
537 1596 972 1685 Multaxparata
1016 1613 1254 1664 manent
1295 1601 1355 1663 in
1401 1600 1581 1688 longa
1628 1611 1831 1675 aetate,
1883 1596 2128 1676 Catulle,

623 1714 718 1778 Ex
762 1714 877 1779 hoc
920 1718 1152 1803 ingrato
1199 1716 1416 1803 gaudia
1460 1738 1658 1780 amore
1703 1715 1829 1780 tibi.

535 1830 683 1896 Nam
732 1854 1112 1920 quaecunque
1157 1832 1424 1897 homines
1468 1831 1616 1896 bene
1663 1835 1934 1919 cuiquam
1991 1844 2094 1895 aut
2149 1830 2335 1896 dicere
2386 1844 2640 1918 possunt

623 1949 752 2014 Aut
794 1948 997 2026 facere,
1045 1948 1189 2012 haec
1235 1972 1269 2013 a
1313 1961 1368 2014 te
1418 1949 1687 2036 dictaque
1731 1946 1998 2035 factaque
2045 1935 2212 2013 sunt:

540 2063 745 2131 Omnia
794 2086 942 2153 quae
988 2069 1248 2153 ingratae
1293 2068 1595 2152 perierunt
1640 2047 1857 2130 credite
1899 2068 2097 2130 menti.

435 2194 489 2235 1⁰
628 2181 822 2265 Quare
869 2205 974 2246 cur
1016 2195 1073 2246 te
1117 2184 1233 2245 iam
1278 2182 1528 2269 amplius
1576 2181 1916 2246 excrucies?

539 2296 696 2380 Quin
742 2298 880 2362 dum
927 2302 1183 2363 animum
1232 2298 1486 2363 offirmas
1531 2311 1707 2385 teque
1751 2301 1923 2363 istinc
1965 2311 2090 2363 tute
2134 2299 2363 2364 reducis

622 2415 701 2478 Et
746 2415 834 2479 dis
881 2418 1078 2480 invitis
1127 2415 1343 2480 desinis
1392 2438 1517 2480 esse
1563 2414 1779 2481 miser?

535 2530 782 2596 Difficile
830 2545 921 2596 est
963 2532 1206 2620 longum
1250 2531 1447 2596 subito
1497 2531 1788 2620 deponere
1832 2554 2116 2597 amorem:

623 2647 871 2713 Difficile
918 2661 1039 2727 est3
1086 2671 1290 2714 verum
1335 2648 1450 2712 hoc
1496 2671 1613 2735 qua
1656 2648 1820 2712 lubet
1864 2647 2095 2713 efficias,

435 2775 489 2816 1⁵
537 2763 668 2829 Una
715 2765 870 2829 salus
916 2766 1060 2829 haec
1104 2778 1209 2843 est,
1257 2765 1373 2830 hoc
1417 2779 1507 2829 est
1549 2765 1657 2829 tibi
1701 2765 2183 2852 pervincendum3

624 2881 755 2944 Hoc
799 2879 989 2960 facies,
1038 2886 1158 2946 sive
1203 2882 1264 2945 id
1309 2902 1431 2946 non
1473 2895 1634 2969 pote,
1682 2884 1804 2945 sive
1847 2894 2005 2968 pote.

541 2994 589 3062 Ο
640 2997 718 3073 di,
768 3000 817 3072 si
861 3011 1119 3063 vestrum
1167 3011 1255 3063 est
1298 3001 1574 3075 misereri,
1620 3010 1727 3062 aut
1770 3001 1817 3061 si
1866 2997 2081 3084 quibus
2125 3019 2385 3086 unquam

624 3114 904 3178 Extrema
948 3117 1061 3179 iam
1105 3118 1235 3203 ipsa
1278 3128 1465 3179 morte
1510 3115 1728 3179 tulistis
1777 3137 1964 3201 opem,

535 3228 634 3296 Me
679 3234 954 3295 miserum
999 3235 1237 3318 aspicite
1283 3245 1356 3308 et,
1406 3233 1455 3295 si
1501 3235 1679 3296 vitam
1724 3235 1951 3319 puriter
1995 3234 2103 3319 egi,

435 3358 491 3401 2⁰
624 3347 847 3436 Eripite
891 3348 1041 3413 hanc
1083 3361 1306 3436 pestem
1350 3351 1777 3437 perniciemque
1821 3350 1982 3427 mihi,
