3084 3967
467 2067 521 2107 10

465 2647 520 2688 15

464 3230 522 3274 20

1474 328 1479 335 ’
1545 351 1668 414 148

859 754 865 767 ·
909 750 1098 809 Lxlv.
1152 748 1466 808 NUPTJAE
1510 750 1720 808 PELEJ
1760 750 1860 808 ET
1901 734 2284 808 rnnwoos.

760 960 1013 1061 Peliaco
1062 997 1359 1085 quondam
1404 1009 1730 1085 prognatae
1775 999 1991 1061 vertice
2033 999 2211 1084 pinus

761 1114 1071 1205 Dicuntur*
1098 1113 1351 1202 liquidas
1396 1112 1658 1201 Neptuni
1702 1136 1874 1177 nasse
1919 1136 2026 1201 per
2067 1111 2258 1177 undas

760 1230 1053 1295 Phasidos
1102 1231 1178 1294 ad
1218 1230 1436 1294 fluctus
1485 1243 1542 1294 et
1586 1230 1731 1294 fines
1778 1230 2097 1301 Aeetaeos:
2197 1310 2206 1338 Ι

762 1344 913 1411 Cum
958 1347 1091 1412 lecti
1134 1350 1403 1425 iuveneS,
1452 1347 1711 1435 Argivae
1756 1347 1976 1411 robora
2020 1347 2215 1435 pubiS‚

760 1463 1045 1529 Auratam
1093 1477 1364 1553 optantes
1414 1464 1652 1530 Colchis
1700 1478 1958 1530 avertere
2003 1465 2229 1551 pellem,

760 1582 911 1647 Ausi
958 1596 1098 1648 sunt
1143 1582 1294 1647 vada
1341 1584 1491 1648 salsa
1539 1587 1652 1647 cita
1700 1583 2001 1647 decurrere
2047 1562 2255 1669 puppi,

763 1697 1011 1764 Caerula
1056 1714 1351 1765 verrentes
1398 1701 1659 1789 abiegnis
1707 1723 1964 1788 aequora
2010 1699 2238 1786 palmis,

761 1815 914 1880 Diva
962 1816 1178 1905 quibus
1224 1820 1479 1881 retinens
1526 1820 1589 1880 in
1637 1820 1878 1881 summis
1922 1815 2172 1880 urbibus
2220 1836 2378 1878 arces

757 1933 892 2018 Ipsa
935 1933 1050 1997 levi
1098 1933 1233 1997 fecit
1277 1933 1617 1997 volitantem
1662 1933 1897 1998 flamine
1946 1954 2198 2008 currum,

759 2048 942 2111 Pinea
986 2053 1346 2137 coniungens
1392 2050 1641 2115 inflexae
1687 2064 1849 2115 texta
1896 2053 2141 2115 carinae.

758 2164 860 2228 Illa
905 2165 1112 2229 rudem
1159 2186 1336 2229 cursu
1380 2168 1570 2253 prima
1615 2167 1828 2232 imbuit
1871 2167 2288 2254 Amphitriten.

763 2280 924 2363 Quae
971 2282 1144 2346 simul
1190 2305 1255 2345 ac
1298 2297 1495 2347 rostro
1544 2298 1854 2348 ventosum
1900 2283 2188 2371 proscidit
2233 2303 2471 2370 aequor,

761 2383 1065 2487 Tortaque
1108 2402 1351 2487 remigio
1398 2403 1623 2487 spumis
1671 2399 1973 2465 incanduit
2015 2379 2193 2477 undass

756 2514 1059 2580 Emersere
1105 2516 1211 2580 feri
1257 2517 1525 2581 candenti
1573 2541 1603 2582 e
1648 2521 1879 2606 gurgite
1925 2516 2125 2581 vultus

756 2632 1102 2721 Aequoreae
1148 2647 1476 2698 monstrum
1522 2633 1799 2700 Nereides
1845 2632 2216 2697 admirantes,

760 2749 891 2826 Illa,
942 2753 991 2814 si
1040 2771 1156 2838 qua
1203 2751 1346 2828 alia,
1395 2751 1671 2815 viderunt
1714 2751 1841 2814 luce
1887 2753 2138 2813 marinas

756 2864 1035 2932 Mortales
1085 2869 1239 2933 oculi
1283 2866 1507 2932 nudato
1558 2889 1804 2955 corpore
1849 2866 2155 2955 Nymphas

755 2979 1064 3048 Nutricum
1110 2999 1281 3051 tenus
1328 2998 1594 3049 extantes
1643 3008 1671 3049 e
1717 2987 1948 3072 gurgite
1995 3007 2159 3050 cano.

760 3097 916 3161 Tum
966 3100 1233 3165 Thetidis
1278 3101 1486 3168 Peleus
1534 3106 1809 3166 incensus
1856 3100 2040 3166 fertur
2084 3125 2299 3178 amore,

761 3215 916 3279 Tum
965 3216 1173 3281 Thetis
1221 3219 1510 3284 humanos
1556 3242 1678 3284 non
1726 3219 1997 3305 despexit
2039 3220 2412 3306 hymenaeoS,

757 3332 911 3398 Tum
962 3332 1201 3396 Thetidi
1246 3349 1413 3421 pater
1458 3339 1584 3422 ipse
1630 3335 1949 3424 iugandum
1995 3336 2167 3399 Pelea
2211 3337 2411 3399 sensit.
