3084 3967
484 1947 540 1986 10

485 2531 540 2571 15

487 3115 543 3155 20

1556 346 1684 411 202

1228 671 1467 730 LXVIII.
1528 673 1627 745 AD
1669 673 2011 732 MANLIUM.

742 839 942 952 Quod
985 872 1130 938 mihi
1177 856 1416 939 fortuna
1462 898 1720 963 casuque
1769 896 2089 963 oppressus
2138 876 2348 942 acerbo

827 990 1243 1076 Conscriptum
1288 990 1404 1056 hoc
1447 992 1698 1057 lacrimis
1745 996 1928 1057 mittis
1976 993 2329 1079 epistolium,

734 1106 1098 1195 Naufragum
1142 1121 1211 1172 ut
1256 1110 1499 1173 eiectum
1547 1108 1958 1196 spumantibus
1998 1112 2271 1196 aequoris
2317 1110 2492 1175 undis

822 1222 1141 1293 Sublcvem
1187 1237 1245 1289 et
1289 1247 1322 1287 a
1368 1227 1576 1288 mortis
1623 1225 1818 1288 limine
1862 1228 2185 1302 restituam,

738 1341 925 1426 Quem
966 1361 1156 1427 neque
1199 1354 1400 1405 sancta
1431 1340 1635 1404 Venus
1677 1341 1838 1406 molli
1878 1347 2241 1430 requiescere
2285 1359 2492 1409 somno

823 1458 1133 1522 Desertum
1180 1460 1241 1521 in
1285 1457 1434 1522 lecto
1485 1457 1698 1523 caelibe
1744 1464 2090 1546 perpetitur,

734 1574 854 1640 Nec
899 1588 1163 1639 veterum
1210 1573 1366 1638 dulci
1411 1577 1770 1661 scriptorum
1818 1581 2066 1642 carmine
2112 1576 2319 1642 Musae

826 1692 1151 1767 Oblectant,
1201 1714 1333 1755 cum
1379 1713 1539 1756 mens
1588 1696 1764 1755 anxia
1807 1696 2137 1782 pervigilat,

732 1811 797 1877 Id
839 1822 1072 1900 gratum
1116 1821 1207 1871 est
1245 1808 1406 1884 mihi,
1441 1830 1532 1875 me
1577 1813 1856 1896 quoniam
1898 1810 2003 1874 tibi
2051 1810 2193 1874 dicis
2226 1814 2489 1890 amicum,

821 1928 1188 2012 Muneraque
1234 1937 1292 1989 et
1334 1924 1644 1995 Musarum
1688 1925 1826 1991 hinc
1869 1931 2021 2014 petis
2049 1941 2127 1992 et
2169 1928 2446 1993 Veneris:

734 2044 855 2111 Sed
899 2043 1008 2107 tibi
1053 2064 1126 2106 ne
1172 2063 1298 2106 mea
1344 2045 1463 2105 sint
1507 2045 1714 2129 ignota
1758 2045 2146 2121 incommoda,
2193 2045 2395 2123 Manli,

820 2158 952 2224 Neu
996 2181 1087 2223 me
1136 2152 1331 2222 odisse
1376 2171 1550 2244 putes
1597 2160 1852 2247 hospitis
1901 2160 2177 2238 officium,

732 2280 967 2364 Accipe,
1018 2276 1150 2363 quis
1195 2260 1414 2339 merser
1457 2275 1731 2340 fortunae
1777 2276 2056 2341 fluctibus
2104 2281 2247 2364 ipse,

822 2395 909 2460 Ne
956 2393 1205 2481 amplius
1254 2414 1287 2455 a
1332 2395 1544 2455 misero
1596 2393 1749 2459 dona
1795 2393 1967 2458 beata
2011 2406 2197 2481 petas.

737 2516 1031 2598 Tempore
1075 2532 1194 2598 quo
1236 2513 1492 2597 primum
1535 2513 1715 2574 vestis
1755 2511 1897 2575 mihi
1937 2510 2342 2599 traditapura
2383 2525 2486 2591 est,

820 2628 1149 2695 Iucundum
1194 2650 1326 2691 cum
1373 2640 1528 2693 aetas
1574 2627 1788 2692 florida
1830 2649 1936 2691 ver
1979 2641 2193 2716 ageret,

731 2750 922 2815 Multa
968 2749 1109 2812 satis
1155 2745 1303 2809 lusi:
1349 2768 1471 2809 non
1519 2757 1608 2808 est
1655 2743 1762 2808 dea
1808 2748 2001 2809 nescia
2044 2749 2252 2822 nostri,

724 2892 728 2897 ·
827 2866 988 2948 Quae
1035 2864 1262 2928 dulcem
1308 2865 1462 2926 curis
1507 2864 1713 2925 miscet
1757 2864 2103 2926 amaritiem:

738 2983 859 3048 Sed
901 2995 1095 3046 totum
1141 2982 1256 3044 hoc
1300 2978 1561 3043 studium
1606 2979 1771 3043 luctu
1821 2977 2075 3043 fraterna
2131 2979 2274 3045 mihi
2327 3004 2486 3047 mors

823 3097 1107 3163 Abstulit.
1182 3095 1231 3161 Ο
1279 3100 1489 3161 misero
1537 3096 1717 3160 frater
1763 3092 2029 3182 adempte
2073 3096 2244 3160 mihi!

740 3218 838 3282 Tu
882 3236 1028 3290 mea,
1075 3226 1144 3277 tu
1187 3217 1442 3278 moriens
1489 3213 1714 3301 fregisti
1761 3213 2084 3291 commoda,
2133 3212 2327 3293 frater,

825 3333 1046 3398 Tecum
1089 3353 1209 3394 una
1251 3342 1380 3395 tota
1424 3343 1513 3396 est
1556 3344 1760 3396 nostra
1806 3331 2034 3418 sepulta
2081 3330 2307 3427 domus,
