3084 3967
520 1040 574 1080 75

480 1592 571 1665 '80

512 2208 568 2249 85

511 2791 567 2832 90

511 3375 569 3416 95

1581 379 1705 441 154

817 558 977 623 Toto
1024 560 1234 634 animo,
1283 571 1410 621 tota
1451 557 1745 644 pendebat
1787 557 2018 644 perdita
2060 572 2269 622 mente.

813 675 913 739 Ah
955 677 1188 749 misera,
1237 674 1489 738 assiduis
1535 695 1711 761 quam
1760 674 2015 738 luctibus
2063 679 2392 740 externavit

706 778 711 783 ¹
814 789 1097 878 Spinosas
1140 789 1394 876 Erycina
1439 812 1636 855 serens
1680 794 1740 873 ¹in
1788 802 2025 877 pectore
2072 813 2241 854 curas

809 904 911 970 Illa
952 919 1320 992 tempestate,
1370 907 1539 971 ferox
1587 929 1707 995 quo
1755 930 1831 973 ex
1874 919 2139 993 tempore
2187 907 2453 972 Theseus

810 1022 1105 1108 Egressus,
1140 1026 1333 1086 curvis
1381 1046 1411 1086 e
1457 1022 1731 1087 litoribus
1775 1022 1967 1086 Piraei

810 1137 1024 1224 Attigit
1065 1141 1266 1201 iniusti
1311 1142 1465 1225 regis
1516 1137 1807 1225 Gortynia
1851 1139 2086 1225 templa.

768 1236 769 1247 ἵ
809 1253 956 1317 Nam
993 1252 1308 1340 perhibent
1355 1254 1503 1318 olim·
1538 1252 1756 1317 crudeli
1801 1268 1968 1340 peste
2015 1268 2274 1328 coactam

809 1369 1271 1457 Androgeoneae
1316 1392 1539 1456 poenas
1588 1371 1894 1434 exsolvere
1940 1370 2149 1447 caedis,

807 1486 1035 1551 Electos
1081 1489 1320 1551 iuvenes
1367 1487 1540 1550 simul
1587 1500 1645 1551 et
1691 1485 1867 1550 decus
1914 1490 2296 1574 innuptarum

810 1601 1148 1691 Cecropiam
1193 1602 1426 1668 solitam
1471 1625 1598 1667 esse
1646 1603 1854 1689 dapem
1901 1602 2037 1667 dare
2081 1605 2443 1669 Minotauro.

809 1719 953 1803 Quis
1000 1732 1247 1806 angusta
1290 1719 1456 1782 malis
1503 1740 1635 1783 cum
1681 1723 1911 1783 moenia
1957 1733 2330 1798 vexarentur,

805 1837 935 1925 Ipse
980 1858 1149 1899 suum
1198 1835 1465 1899 Theseus
1511 1857 1623 1921 pro
1674 1839 1821 1898 caris
1869 1859 2084 1924 corpus
2130 1837 2381 1915 Athenis

803 1952 1072 2017 Proicere
1118 1954 1347 2038 optavit
1389 1954 1592 2051 potius
1639 1973 1815 2039 quam
1861 1953 1999 2017 talia
2048 1952 2280 2019 Cretam

805 2069 1036 2132 Funera
1081 2065 1398 2155 Cecropiae
1442 2090 1550 2132 nec
1594 2067 1799 2131 funera
1845 2083 2240 2155 portarentur.

808 2185 1003 2272 Atque
1049 2187 1131 2247 ita
1174 2206 1322 2247 nave
1366 2184 1481 2247 levi
1524 2187 1717 2249 nitens
1764 2207 1830 2248 ac
1875 2185 2103 2251 lenibus
2152 2191 2309 2251 auris

799 2303 1238 2393 Magnanimum
1284 2299 1358 2363 ad
1403 2301 1609 2365 Minoa
1657 2304 1817 2365 venit
1862 2301 2143 2389 sedesque
2191 2291 2494 2391 superliaS.

800 2419 972 2483 Hunc
1016 2417 1188 2481 simul
1234 2439 1301 2481 ac
1346 2417 1562 2504 cupido
1612 2421 1922 2504 conspexit
1965 2419 2181 2485 lumine
2226 2425 2395 2509 virgo

738 2606 745 2615 ,
799 2536 1011 2623 Regia,
1062 2556 1238 2621 quam
1283 2536 1483 2597 suavis
1530 2537 1837 2621 exspirans
1885 2548 2078 2600 castus
2129 2537 2340 2603 odores

801 2653 1076 2718 Lectulus
1121 2654 1183 2714 in
1227 2651 1390 2714 molli
1435 2651 1745 2738 complexu
1795 2655 1994 2715 matris
2041 2652 2263 2730 alebat,

806 2769 1018 2853 Quales
1062 2768 1319 2833 Eurotae
1365 2770 1733 2855 progignunt
1776 2767 2019 2832 flumina
2062 2783 2292 2856 myrtus

799 2886 1038 2952 Aurave
1085 2885 1390 2949 distinctos
1438 2884 1635 2948 educit
1679 2906 1857 2947 verna
1904 2884 2158 2951 colorest

802 3001 939 3067 Non
981 3004 1146 3089 prius
1194 3023 1269 3067 ex
1312 3000 1412 3064 illo
1458 3000 1765 3088 flagrantia
1813 2999 2123 3068 declinavit

801 3119 1076 3194 Lumina,
1125 3141 1300 3206 quam
1347 3130 1556 3182 cuncto
1605 3120 1871 3205 concepit
1916 3141 2163 3207 corpore
2206 3122 2495 3193 flammam

802 3234 1094 3301 Funditus
1142 3248 1314 3322 atque
1359 3236 1490 3298 imis
1537 3238 1759 3300 exarsit
1803 3248 1930 3302 tota
1971 3238 2257 3304 medullis.
2303 3280 2306 3281 ν

804 3353 935 3420 Heu
978 3353 1182 3416 misere
1228 3355 1529 3439 exagitans
1575 3355 1782 3417 immiti
1828 3354 2001 3420 corde
2046 3354 2273 3420 furores
