3084 3967
476 1966 526 2004 10

473 3137 528 3175 20

1567 362 1651 426 44

1269 703 1442 761 XXll.
1510 705 1611 763 AD
1659 704 1937 764 VARUM.

728 852 1028 953 Suffenus
1076 890 1214 965 iste,
1264 888 1452 966 Vare,
1504 911 1678 976 quem
1724 889 1912 975 probe
1958 893 2146 967 nosti,

722 1005 914 1067 Homo
964 1016 1053 1067 est
1098 1018 1381 1069 venustus
1431 1019 1487 1069 et
1535 1006 1707 1070 dicax
1754 1020 1811 1069 et
1858 1006 2139 1084 urbanuS,

720 1121 994 1206 Idemque
1039 1121 1213 1208 longe
1259 1122 1547 1208 plurimos
1595 1121 1733 1188 facit
1777 1145 2004 1186 versus,

720 1238 876 1302 Puto
925 1259 1050 1301 esse
1097 1260 1206 1324 ego
1255 1238 1335 1302 illi
1381 1238 1539 1301 milia
1586 1252 1690 1302 aut
1736 1239 1931 1305 decem
1978 1255 2082 1305 aut
2124 1242 2297 1329 plura

721 1354 1084 1440 Perscripta3
1134 1376 1239 1418 nec
1283 1357 1396 1430 sic,
1447 1368 1514 1417 ut
1559 1355 1654 1430 fit,
1702 1359 1764 1419 in
1809 1357 2190 1445 palimpsesto

718 1471 972 1536 Relicta:
1021 1471 1254 1535 chartae
1299 1473 1522 1558 regiae,
1572 1475 1715 1535 novi
1760 1472 1923 1549 libri,

719 1588 875 1654 Novi
919 1589 1206 1666 umbilici,
1255 1588 1382 1653 lora
1428 1588 1640 1665 rubra,
1689 1590 2028 1655 membrana

722 1707 954 1772 Directa
998 1704 1264 1793 plumbo,
1315 1717 1372 1770 et
1414 1709 1645 1792 pumice
1695 1710 1890 1771 omnia
1937 1721 2202 1795 aequata.

719 1825 877 1889 Haec
923 1846 1054 1887 cum
1098 1824 1256 1908 legas
1303 1834 1399 1897 tu,
1447 1820 1638 1885 bellus
1684 1823 1778 1886 ille
1826 1836 1885 1886 et
1928 1822 2191 1888 urbanus

722 1940 999 2005 Suffenus
1047 1960 1201 2002 unus
1249 1939 1645 2024 caprimulgus
1692 1932 1795 2002 aut
1840 1938 2038 2004 fossor
2095 1976 2106 1987 ·

689 2042 953 2121 'Rursus
999 2054 1262 2118 videtur:
1310 2066 1538 2118 tantum
1586 2053 1868 2121 abhorret
1912 2079 1978 2120 ac
2023 2070 2230 2122 mutat.

721 2174 851 2237 Hoc
897 2170 1041 2258 quid
1086 2182 1360 2257 putemus
1408 2170 1581 2234 esse?
1629 2170 1745 2253 Qui
1789 2173 1969 2236 modo
2018 2196 2247 2250 scurra,

722 2290 847 2354 Aut
893 2291 943 2352 si
989 2286 1135 2375 quid
1179 2287 1288 2350 hac
1333 2308 1394 2350 re
1440 2289 1669 2364 tritius,
1720 2287 2047 2365 videbatur,

624 2396 634 2407 ⁴
720 2407 875 2473 Idem
920 2404 1170 2470 infaceto
1220 2416 1309 2467 est
1351 2402 1657 2467 infacetior
1702 2427 1868 2481 rure,

725 2524 910 2589 Simul
956 2534 1229 2611 poemata
1275 2523 1499 2607 attigit3
1545 2543 1734 2608 neque
1781 2521 1932 2585 idem
1979 2545 2240 2609 unquam

721 2642 926 2729 Aeque
973 2652 1063 2704 est
1105 2637 1314 2702 beatus
1360 2658 1427 2700 ac
1469 2659 1683 2723 poema
1728 2660 1858 2701 cum
1904 2637 2132 2702 scribit:

725 2759 873 2821 Tam
918 2758 1136 2845 gaudet
1180 2758 1243 2818 in
1288 2776 1379 2831 se,
1428 2766 1666 2841 tamque
1713 2777 1774 2817 se
1819 2758 1945 2841 ipse
1991 2758 2254 2821 miratur.

723 2875 1009 2939 Nimirum
1053 2873 1208 2938 idem
1255 2894 1455 2936 omncs
1501 2870 1787 2948 fallimur3
1833 2872 2022 2959 neque
2070 2886 2160 2937 est
2202 2878 2539 2963 quisquam,

728 2991 913 3075 Quem
960 3013 1080 3054 non
1102 2994 1188 3054 -in
1233 2990 1428 3081 aliqua
1473 3010 1535 3052 re
1585 2986 1779 3051 videre
1828 2986 2132 3054 Suffenum

723 3110 946 3174 Possis·
1020 3105 1180 3171 Suus
1227 3110 1436 3195 cuique
1481 3104 1802 3170 attributus
1849 3118 1938 3169 est
1982 3128 2176 3172 error:

727 3227 846 3292 Sed
889 3248 1012 3290 non
1058 3221 1322 3287 videmus
1366 3227 1649 3288 manticae
1696 3223 1862 3311 quod
1906 3227 1967 3289 in
2010 3237 2176 3312 tergo
2225 3237 2328 3289 est.
