3084 3967
458 917 545 962 295

456 1498 541 1539 300

456 2081 542 2122 305

456 2668 543 2710 310

457 3253 544 3294 315

1554 367 1675 434 172

779 544 917 638 Non
961 550 1084 612 sine
1129 549 1359 612 nutanti
1402 546 1641 633 platano
1688 546 1957 635 lentaque
2006 570 2210 614 sorore

747 664 1083 754 ‘Flammati
1125 661 1513 728 Phaethontis
1562 676 1621 728 et
1664 666 1822 727 aeria
1868 686 2169 751 cupressu.

780 780 939 845 Haec
983 783 1198 844 circum
1243 779 1408 844 sedes
1455 779 1568 845 late
1615 792 1892 845 contexta
1935 781 2168 858 locavit,

780 895 1153 964 Vestibulum
1196 909 1266 961 ut
1307 896 1467 960 molli
1511 895 1766 961 velatum
1812 897 2020 964 fronde
2069 886 2297 964 vireretss

776 1013 925 1081 Post
965 1013 1125 1078 hunc
1169 1016 1549 1100 consequitur
1595 1013 1815 1079 sollerti
1864 1015 2038 1080 corde
2082 1015 2490 1091 Prometheus,

779 1130 1113 1195 Extenuata
1156 1151 1360 1217 gerens
1407 1133 1621 1194 veteris
1669 1134 1916 1220 vestigia
1959 1154 2215 1219 poenae;

781 1245 969 1331 Quam
1000 1244 1297 1333 quondam
1327 1243 1620 1332 Scythicis
1651 1250 1953 1312 restrictus
1983 1248 2242 1314 membra
2274 1257 2472 1313 catena

774 1362 1069 1427 Persolvit
1111 1361 1370 1449 pendens
1418 1384 1449 1426 e
1494 1362 1814 1428 verticibus
1858 1369 2213 1454 praeruptis·

780 1479 919 1545 Inde
964 1491 1132 1567 pater
1177 1477 1380 1544 divum
1423 1493 1625 1544 sancta
1668 1503 1801 1546 cum
1846 1484 2092 1570 coniuge
2137 1485 2409 1571 natisque

777 1596 1054 1674 Advenit,
1103 1596 1261 1661 caelo
1307 1609 1366 1661 te
1412 1596 1625 1674 solum,
1672 1597 1932 1676 Phoebe,
1979 1599 2314 1687 relinquens

783 1712 1219 1803 Unigenamque
1265 1713 1439 1778 simul
1484 1713 1782 1778 cultricem
1824 1714 2124 1780 montibus
2168 1716 2305 1780 Idri.

774 1831 947 1896 Pelea
988 1853 1125 1895 nam
1168 1842 1361 1894 tecum
1404 1831 1626 1917 pariter
1671 1852 1846 1895 soror
1889 1845 2198 1920 aspernata
2243 1847 2333 1897 est

775 1947 896 2014 Nec
943 1945 1213 2011 Thetidis
1258 1945 1457 2010 taedas
1506 1945 1700 2012 voluit
1745 1945 2031 2013 celebrare
2075 1950 2315 2037 iugaleS.

781 2065 897 2149 Qui
940 2076 1258 2152 postquam
1300 2066 1489 2128 niveis
1532 2062 1830 2129 flexerunt
1874 2063 2112 2129 sedibus
2161 2078 2340 2143 πως,

777 2184 963 2272 Large
1006 2181 1312 2269 multiplici
1358 2193 1730 2245 constructae
1777 2195 1918 2246 sunt
1963 2181 2131 2269 dape¹
2157 2204 2405 2260 mensae,

780 2299 929 2366 Cum
972 2303 1192 2363 interea
1234 2297 1466 2363 infirmo
1515 2301 1843 2385 quatientes
1891 2321 2144 2386 corpora
2189 2312 2355 2364 motu

778 2416 1084 2481 Veridicos
1129 2415 1346 2480 Parcae
1395 2427 1715 2502 coeperunt
1760 2414 1929 2479 edere
1979 2428 2203 2481 cantus.

775 2534 881 2599 His
928 2556 1142 2621 corpus
1185 2532 1500 2598 tremulum
1547 2533 1936 2620 complectens
1983 2533 2245 2620 undique
2294 2537 2468 2598 vestis

767 2651 1044 2718 ‘Candida
1085 2672 1386 2738 purpurea
1430 2649 1583 2713 talos
1629 2652 1958 2713 incinxerat
2005 2671 2140 2728 ora3

776 2769 866 2835 Ac
909 2790 1111 2834 roseae
1156 2770 1330 2831 niveo
1377 2763 1711 2850 residebant
1752 2768 1967 2842 vertice
2017 2769 2214 2843 vittae,

775 2887 1213 2972 Aeternumque
1257 2905 1464 2948 manus
1512 2880 1829 2970 carpebant
1872 2885 1982 2947 rite
2029 2882 2306 2949 laborem.

777 3006 972 3070 Laeva
1016 3003 1208 3067 colum
1252 3000 1412 3065 molli
1456 3000 1590 3063 lana
1634 2999 1922 3064 retinebat
1968 3004 2255 3080 amictum,

777 3121 1034 3186 Dextera
1078 3132 1205 3183 tum
1251 3119 1452 3186 leviter
1498 3116 1790 3182 deducens
1838 3117 1937 3182 fila
1983 3123 2207 3205 supinis

782 3233 1100 3300 Formabat
1144 3229 1360 3323 digitis,
1407 3247 1535 3299 tum
1579 3256 1771 3321 prono
1818 3238 1881 3299 in
1923 3235 2132 3323 pollice
2152 3315 2157 3318 ι
2175 3248 2458 3322 torquens

775 3350 1080 3419 Libratum
1123 3355 1294 3415 tereti
1339 3350 1608 3417 versabat
1654 3349 1888 3417 turbine
1932 3351 2158 3428 fusum3
