3084 3967
1536 354 1669 423 230

1210 683 1455 741 LXXXI.
1516 684 1616 741 AD
1661 683 1982 742 GELLIUM.

773 848 954 962 Quid
999 885 1203 961 dicam,
1253 884 1419 962 Gelli,
1468 908 1649 973 quare
1696 908 1866 950 rosea
1910 888 2023 949 ista
2067 884 2272 950 labella

851 1000 1110 1065 Hiberna
1152 1001 1295 1066 fiant
1341 1001 1682 1067 candidiora
1727 1006 1882 1078 nive,

760 1118 935 1181 Mane
983 1116 1160 1180 domo
1208 1139 1338 1181 cum
1384 1120 1509 1180 exis
1559 1130 1618 1180 et
1662 1140 1789 1180 cum
1837 1130 1893 1181 te
1941 1130 2147 1181 octava
2192 1120 2386 1205 quiete

850 1233 899 1296 E
945 1233 1106 1296 molli
1151 1233 1332 1319 longo
1382 1236 1626 1296 suscitat
1671 1233 1822 1296 hora
1868 1232 2005 1296 die?

763 1349 972 1427 Nescio
1022 1348 1165 1435 quid
1211 1361 1361 1412 certe
1407 1361 1513 1412 est.
1584 1348 1682 1412 An
1727 1371 1860 1414 vere
1908 1349 2058 1413 sama
2106 1363 2376 1414 susurrat

853 1464 1110 1531 Grandia
1152 1477 1211 1530 te
1255 1463 1430 1528 medii
1474 1477 1636 1529 tenta
1684 1488 1888 1532 vorare
1936 1465 2091 1529 viri?

763 1584 863 1649 Sic
908 1594 1058 1646 certe
1104 1594 1225 1645 est:
1274 1582 1523 1665 elamant
1559 1583 1818 1645 Victoris
1864 1595 2040 1668 rupta
2083 1582 2288 1646 miselli
2359 1640 2364 1645 .

848 1700 968 1774 Ilia,
1019 1710 1077 1760 et
1122 1698 1346 1761 emulso
1395 1696 1559 1761 labra
1602 1710 1805 1761 notata
1854 1720 2004 1762 sero.

1150 2192 1420 2251 LXXXII.
1481 2193 1582 2250 AD
1622 2191 2039 2251 IUVENTIUM.

761 2360 1050 2464 Nemone
1094 2398 1157 2458 in
1198 2406 1365 2458 tanto
1411 2398 1612 2480 potuit
1653 2394 1878 2480 populo
1928 2416 2071 2471 esse,
2117 2395 2364 2472 Iuventi,

845 2514 1043 2579 Bellus
1089 2513 1288 2586 homo,
1340 2533 1511 2598 quem
1558 2523 1626 2574 tu
1674 2510 1911 2598 diligere
1956 2513 2258 2598 inciperes,

758 2634 1174 2717 Praeterquam
1218 2631 1328 2692 iste
1373 2641 1514 2692 tuus
1561 2626 1915 2691 moribunda
1960 2649 1994 2690 a
2038 2627 2174 2692 sede
2219 2627 2450 2692 Pisauri

847 2748 1079 2836 Hospes
1125 2751 1393 2812 inaurata
1434 2744 1712 2832 pallidior
1756 2743 1997 2808 statua?

768 2865 883 2947 Qui
912 2865 1019 2930 tibi
1051 2886 1205 2928 nunc
1236 2863 1396 2928 cordi
1431 2874 1535 2937 est,
1572 2883 1742 2948 quem
1772 2872 1839 2923 tu
1869 2881 2231 2948 praeponere
2260 2862 2433 2926 nobis

851 2981 1073 3057 AudeS‚
1122 2994 1181 3046 et
1222 2983 1428 3055 neseis,
1478 2977 1643 3064 quod
1686 2976 1910 3042 saeinus
1956 2977 2151 3041 facias.

1390 3237 1804 3246 -————-—-———-
