3084 3967
487 1825 542 1864 10

1557 338 1685 408 248

1241 577 1456 636 XCVII.
1516 577 1590 635 ΙΝ
1630 576 1997 635 ΑΕΜΠᾸΗΜ.

733 719 929 832 Non,
977 758 1058 820 ita
1101 777 1192 818 me
1240 754 1299 817 di
1344 766 1566 830 ament,
1617 756 1932 842 quiequam
1974 752 2190 818 referre
2235 758 2473 841 putavi,

824 871 1035 938 Utrum
1082 894 1150 935 os
1197 894 1271 934 an
1317 871 1513 935 culum
1562 870 1867 935 olfacerem
1912 871 2184 936 Aemilio.

732 989 829 1054 Nil
875 988 1232 1053 immundius
1279 989 1424 1065 hoe,
1471 988 1779 1075 nihiloque
1826 1002 1916 1054 est
1959 987 2237 1052 mundius
2283 987 2458 1065 illud,

823 1107 1047 1169 Verum
1093 1109 1265 1169 etiam
1312 1105 1480 1168 culus
1527 1103 1805 1168 mundior
1850 1118 1909 1170 et
1952 1106 2191 1183 melior3

736 1222 886 1287 Nam
931 1225 1055 1285 sine
1103 1220 1377 1285 dentibus
1424 1232 1544 1283 estt
1593 1243 1661 1283 os
1710 1220 1910 1285 dentes
1957 1222 2413 1310 sesquipedam,

827 1337 1109 1426 Gingivas
1157 1361 1298 1403 vero
1342 1338 1606 1424 ploxemi
1651 1337 1831 1401 habet
1876 1342 2109 1415 veteris,

734 1457 1044 1521 Praeterea
1086 1458 1299 1520 rictum
1346 1455 1578 1542 qualem
1626 1454 1887 1519 defessus
1934 1458 1997 1520 in
2042 1468 2208 1520 aestu

824 1574 1094 1638 Meientis
1141 1572 1331 1636 mulae
1377 1594 1607 1635 cunnus
1655 1571 1868 1636 habere
1915 1573 2083 1636 solet.

735 1692 847 1757 Hic
892 1690 1074 1754 futuit
1118 1689 1332 1753 multas
1379 1701 1438 1753 et
1482 1710 1544 1751 se
1591 1688 1731 1753 facit
1774 1711 1899 1753 esse
1945 1702 2292 1766 venustum,

823 1793 914 1872 Et'
943 1829 1068 1870 non
1110 1809 1364 1893 pistrino
1411 1804 1668 1869 traditur
1713 1818 1889 1892 atque
1935 1805 2150 1869 asino?

739 1924 926 2008 Quem
972 1927 1022 1986 si
1069 1944 1187 2010 qua
1231 1925 1495 2009 attingit,
1546 1944 1668 1986 non
1713 1922 1869 1986 illam
1915 1946 2092 2010 posse
2136 1936 2411 2011 putemus

823 2041 1073 2129 Aegi-oti
1120 2039 1315 2103 culum
1360 2037 1580 2127 lingere
1626 2039 1955 2103 carnificis?

1219 2446 1457 2505 XCVIII.
1520 2446 1620 2504 AD
1662 2445 2011 2505 VETTIUM.

777 2588 853 2688 In
901 2636 989 2700 te,
1039 2626 1089 2686 si
1134 2626 1196 2687 in
1240 2643 1609 2709 quenquam,
1659 2621 1773 2686 dici
1817 2634 1987 2708 pote,
2035 2623 2240 2710 putide
2270 2623 2461 2702 Vetti,

872 2740 938 2804 ld
985 2737 1150 2827 quod
1194 2738 1461 2804 verbosis
1510 2737 1725 2803 dieitur
1771 2751 1829 2802 et
1873 2738 2083 2804 fatuis:

776 2860 895 2923 lsta
941 2881 1072 2921 eum
1118 2858 1349 2944 lingua,
1399 2857 1448 2918 si
1495 2875 1642 2918 usus
1690 2858 1887 2920 veniat
1934 2856 2069 2934 tibi,
2116 2861 2313 2945 possis

877 2975 1061 3042 Culos
1109 2987 1167 3038 et
1213 2972 1476 3058 crepidas
1524 2972 1742 3059 lingere
1790 2976 2136 3060 carpatinaS.

782 3093 848 3158 Si
894 3116 1006 3156 nos
1055 3093 1293 3154 omnino
1343 3092 1432 3152 vis
1481 3111 1681 3152 omnes
1727 3089 1998 3177 perdere,
2047 3092 2239 3170 Vetti,

873 3210 1109 3273 Hiseas:
1159 3210 1399 3271 omnino
1448 3204 1612 3291 quod
1660 3209 1845 3294 cupis,
1895 3205 2128 3274 efficies,
