3084 3967
391 1953 527 2011 ,ιο

1535 348 1667 412 240

1270 674 1408 733 XCI.
1448 665 1544 732 *IN
1586 674 1909 733 GELLIUM.

673 838 839 940 Non
886 876 1041 952 ideo,
1091 874 1258 952 Gelli,
1307 875 1615 961 sperabam
1661 889 1719 939 te
1765 876 1907 939 mihi
1952 874 2136 938 fidum

759 993 823 1055 In
870 995 1082 1056 misero
1133 992 1247 1054 hoc
1291 1005 1519 1069 nostr0,
1569 993 1685 1056 hoc
1730 992 1962 1079 perdito
2011 1013 2209 1055 amore
2257 990 2401 1068 sore,

676 1108 853 1190 Quod
897 1121 954 1171 te
1002 1131 1348 1195 cognossem
1394 1107 1542 1172 bene
1590 1119 2025 1172 constantemve
2072 1085 2339 1217 pnfarem

762 1225 889 1289 Aut
931 1247 1107 1311 posse
1155 1247 1187 1287 a
1233 1228 1392 1310 turpi
1440 1238 1691 1288 mentem
1738 1223 2001 1288 inhibere
2045 1225 2290 1310 probr0,

675 1314 795 1406 Sed
841 1363 1027 1427 neque
1076 1340 1240 1428 quod
1284 1354 1524 1404 matrem
1563 1363 1669 1404 nec
1711 1364 2044 1428 germanam
2085 1364 2209 1405 esse
2253 1339 2522 1405 videbam

759 1458 925 1521 Hanc
971 1456 1094 1533 tibi,
1121 1461 1312 1550 ‘cuius
1360 1480 1450 1520 me
1495 1479 1744 1545 magnus
1793 1458 2003 1521 edebat
2047 1480 2228 1522 amor.

670 1575 749 1638 Et
796 1577 1063 1662 quamvis
1109 1587 1299 1637 tecum
1347 1574 1533 1636 multo
1584 1578 1969 1661 coniungerer
2014 1597 2147 1651 usu,

762 1692 899 1756 Non
947 1694 1086 1755 satis
1133 1689 1195 1753 id
1240 1712 1447 1774 causae
1497 1689 1852 1753 credideram
1900 1713 2023 1753 esse
2070 1689 2197 1754 tibi.

679 1808 778 1873 Tu
822 1812 963 1872 satis
1011 1808 1070 1871 id
1121 1807 1319 1872 duxti:
1368 1821 1594 1870 tantum
1642 1806 1750 1870 tihi
1797 1806 2078 1894 gaudium
2125 1809 2183 1869 in
2233 1809 2391 1870 omni

767 1923 959 2010 Culpa
1004 1937 1110 2001 est,
1159 1927 1218 1987 in
1266 1945 1617 2011 quacunque
1665 1937 1754 1987 est
1798 1922 2021 2010 aliquid
2065 1923 2313 1987 sceleriS.

1280 2424 1443 2482 XCII.
1503 2425 1596 2481 DE
1641 2425 1911 2482 LESBIA.

676 2590 909 2689 Lesbia
955 2628 1033 2688 mi
1082 2626 1222 2689 dicit
1266 2649 1495 2714 semper
1541 2626 1686 2689 male
1731 2649 1836 2689 nec
1878 2639 2033 2689 tacet
2076 2647 2335 2712 unquam

763 2741 849 2804 De
898 2764 1015 2806 me:
1061 2742 1272 2806 Lesbia
1320 2766 1407 2807 me
1456 2743 1777 2828 dispeream
1826 2743 1936 2805 nisi
1984 2755 2155 2805 amat.

681 2856 812 2938 Quo
862 2859 1080 2946 signo?
1136 2864 1274 2947 quia
1320 2873 1458 2923 sunt
1512 2858 1756 2923 totidem
1815 2881 1971 2922 mea:
2030 2858 2311 2945 deprecor
2365 2859 2521 2923 illam

766 2974 1042 3053 Assidue‚
1091 3000 1294 3040 verum
1341 2976 1663 3062 dispeream
1711 2978 1826 3039 nisi
1872 2998 2022 3040 amo.
