3084 3967
548 2079 604 2117 10

552 2661 606 2700 15

554 3246 609 3285 20

1630 370 1714 435 20

1271 766 1343 824 X.
1401 767 1498 824 DE
1545 765 1727 824 VARI
1773 762 2076 823 SCORTO.

936 975 1163 1077 Varus
1209 1035 1300 1078 me
1344 1035 1508 1078 meus
1558 1012 1632 1076 ad
1677 1034 1820 1076 suos
1868 1034 2093 1075 amores

934 1100 1148 1194 Visum
1195 1129 1448 1194 duxerat
1491 1152 1520 1192 e
1566 1128 1698 1193 soro
1750 1132 2039 1205 otiosum,

937 1242 1304 1322 Scortillum,
1354 1259 1422 1309 ut
1466 1246 1610 1308 mihi
1655 1258 1781 1308 tum
1825 1258 2063 1332 repente
2109 1247 2302 1308 visum
2348 1254 2465 1317 est,

935 1361 1072 1426 Non
1120 1384 1255 1426 sanc
1301 1361 1625 1448 inlepidum
1669 1383 1859 1448 neque
1906 1366 2301 1426 invenustum.

935 1466 1067 1543 Huc
1112 1491 1181 1543 ut
1224 1481 1521 1557 venimus,
1570 1478 1824 1543 incidere
1869 1477 2043 1543 nobis

940 1594 1251 1660 Sermones
1298 1598 1475 1672 varii,
1524 1599 1586 1660 in
1636 1593 1881 1683 quibuS,
1934 1595 2077 1683 quid
2124 1608 2276 1659 esset

938 1713 1058 1776 Iam
1099 1712 1409 1799 Bithynia,
1461 1735 1581 1799 quo
1629 1713 1807 1777 modo
1857 1736 1917 1778 se
1962 1712 2231 1790 haberet,

939 1808 1282 1916 Ecquonam
1327 1829 1470 1891 mihi
1515 1802 1840 1915 profoisset
1885 1850 2054 1895 aere.s

939 1944 1245 2030 Respondi
1289 1943 1352 2007 id
1399 1944 1563 2031 quod
1610 1958 1760 2009 erat:
1808 1947 1955 2010 nihil
1999 1967 2188 2032 neque
2236 1946 2378 2030 ipsis

939 2059 1061 2123 Nec
1104 2058 1478 2146 praetoribus
1526 2084 1653 2127 esse
1701 2085 1804 2126 nec
1851 2063 2110 2137 cohorti,

945 2174 1070 2240 Cur
1116 2179 1427 2264 quisquam
1476 2191 1654 2264 caput
1699 2182 1933 2243 unctius
1979 2177 2244 2242 referret:

941 2292 1291 2357 Praesertim
1336 2293 1553 2382 quibus
1601 2308 1754 2359 esset
1797 2299 2114 2359 irrumator

941 2409 1190 2473 Praetor
1233 2433 1340 2475 nec
1384 2410 1598 2476 faceret
1640 2413 1744 2499 pili
1792 2411 2111 2476 cohortem.

945 2525 1067 2590 »At
1113 2539 1263 2590 certe
1309 2540 1562 2607 tamen«,
1608 2532 1913 2617 inquiunt,
1964 2528 2168 2616 »quod
2213 2528 2327 2592 illic

873 2703 891 2723 x
944 2642 1161 2708 Natum
1209 2643 1423 2709 dicitur
1467 2668 1623 2724 esse,
1674 2648 2026 2733 comparasti

944 2758 1043 2824 Ad
1089 2760 1347 2825 lecticam
1392 2761 1722 2827 hominess
1789 2763 1950 2850 Ego,
2000 2774 2069 2826 ut
2112 2761 2337 2847 puellae

945 2874 1141 2941 Unum
1185 2901 1274 2942 me
1320 2876 1564 2944 facerem
1609 2878 1957 2956 beatiorem,

948 2991 1180 3070 »Non«,
1230 2997 1496 3082 inquam,
1550 2996 1730 3059 »mihi
1775 3008 1894 3059 tam
1940 2993 2052 3057 fuit
2095 2996 2374 3083 maligne,

947 3108 1055 3186 Ut,
1106 3115 1413 3196 provincia
1458 3113 1623 3201 quod
1668 3114 1816 3177 mala
1862 3111 2189 3187 incidisset,

946 3224 1083 3290 Non
1129 3248 1368 3314 possem
1416 3243 1554 3294 octo
1601 3230 1868 3294 homines
1914 3252 2120 3318 parare
2166 3241 2420 3293 rectos«

946 3342 1030 3408 At
1074 3347 1152 3407 mi
1197 3346 1393 3411 nullus
1444 3360 1572 3413 erat
1615 3370 1806 3435 neque
1852 3349 1946 3411 hic
1990 3367 2179 3433 neque
2224 3346 2368 3421 illic,
