3084 3967
474 2447 528 2484 10

475 3034 528 3073 15

1598 385 1681 448 26
2129 438 2141 467 ,

895 556 1009 640 Qui
1054 558 1210 623 illius
1258 560 1443 649 culpa·
1476 563 1709 643 cecidit,
1758 567 1918 632 velut
1963 573 2117 656 prati

891 673 1090 739 Ultimi
1133 675 1266 753 flos,
1312 692 1720 764 praetereunte
1765 697 2083 772 postquam

1209 792 1430 865 Tactus
1478 802 1673 860 aratro
1724 811 1829 863 est.

1301 1181 1420 1237 ΧΠ.
1483 1182 1585 1238 AD
1634 1183 1951 1244 ASlNlUM.

878 1335 1241 1437 Marrucine
1287 1371 1489 1450 Asini,
1537 1396 1716 1439 manu
1763 1380 2004 1444 sinistra

877 1485 1015 1551 Non
1057 1486 1207 1551 belle
1252 1492 1435 1552 uteris
1482 1493 1544 1554 in
1589 1495 1722 1557 ioco
1771 1507 1948 1583 atque
1994 1501 2172 1565 vino:

878 1604 1066 1669 Tollis
1113 1604 1289 1670 lintea
1335 1583 1847 1696 negligentiorum.

874 1721 1004 1786 Hoc
1050 1724 1267 1786 salsum
1316 1746 1441 1787 esse
1487 1727 1709 1811 putas?
1767 1728 1951 1816 Fugit
1993 1744 2083 1808 te,
2133 1738 2357 1821 inepte:

875 1837 1156 1921 Quamvis
1206 1837 1447 1902 sordida
1491 1861 1585 1907 res
1633 1853 1692 1904 et
1735 1846 2046 1911 invenusta
2093 1863 2198 1914 est.

871 1954 1010 2018 Non
1057 1954 1242 2018 credis
1288 1954 1476 2019 mihi?
1535 1956 1705 2021 crede
1751 1958 1987 2024 Polioni

869 2071 1094 2146 Fratri,
1146 2074 1249 2157 qui
1293 2083 1398 2135 tua
1441 2070 1601 2136 furta
1644 2074 1737 2137 vel
1782 2076 2003 2142 talento

867 2186 1088 2250 Mutari
1133 2188 1303 2251 velit:
1355 2201 1445 2252 est
1491 2191 1643 2253 enim
1692 2190 1960 2278 leporum

867 2302 1137 2368 Disertus
1183 2325 1334 2390 puer
1380 2327 1445 2368 ac
1491 2304 1847 2373 facetiarum.

870 2418 1065 2502 Quare
1113 2431 1218 2483 aut
1262 2420 1787 2508 hendecasyllabos
1835 2439 2128 2496 trecentos

864 2536 1160 2622 Expecta,
1213 2550 1316 2600 aut
1360 2537 1505 2602 mihi
1551 2539 1793 2604 linteum
1839 2550 2067 2612 remitte
2087 2597 2102 2624 ,

868 2651 1046 2735 Quod
1089 2675 1180 2716 me
1225 2676 1348 2717 non
1394 2668 1595 2719 movet
1640 2662 2070 2741 aestimatione,

862 2769 1086 2833 Verum
1134 2782 1224 2834 est
1267 2793 1720 2859 mnemosynum
1767 2780 1879 2839 mei
1932 2779 2169 2847 sodalis·

865 2883 1014 2949 Nam
1061 2887 1298 2952 sudaria
1344 2886 1597 2953 Saetaba
1645 2885 1721 2955 ex
1766 2892 1945 2959 Iberis

865 3004 1158 3067 Miserunt
1200 3005 1343 3069 mihi
1387 3011 1615 3072 muneri
1659 3007 1943 3076 Fabullus

862 3119 941 3185 Et
968 3120 1329 3186 Verannius:
1376 3123 1492 3188 hoc
1537 3147 1725 3191 amem
1771 3150 2005 3194 necesse
2056 3146 2143 3198 est

857 3238 936 3301 Et
968 3237 1389 3303 Veranniolum
1436 3265 1628 3308 meum
1676 3257 1734 3309 et
1776 3245 2109 3312 Fabullum.
