3084 3967
456 1045 513 1086 50

456 1628 513 1668 55

456 2215 513 2255 60

456 2795 515 2836 05

456 3377 514 3419 ‘10

1531 381 1655 447 192

845 563 960 628 Per
1004 562 1260 629 medium
1305 562 1475 626 classi
1517 559 1772 624 barbara
1816 562 1981 624 navit
2023 558 2251 623 Athon.

756 678 912 763 Quid
957 679 1169 743 sacient
1213 680 1428 755 crineS‚
1479 700 1610 741 cum
1656 674 1812 741 ferro
1859 677 1999 741 talia
2045 672 2295 739 cedant?

845 797 1125 883 Iuppiter,
1173 807 1244 858 ut
1290 791 1622 880 Chalybum
1672 817 1842 858 omne
1886 815 2072 881 genus
2117 804 2335 879 pereat,

748 912 825 978 Et
870 915 972 999 qui
1016 890 1307 999 principio
1355 910 1467 975 sub
1513 923 1670 976 terra
1716 932 1992 999 quaerere
2037 931 2216 973 venas

847 1029 1065 1092 Institit
1109 1051 1176 1092 ac
1219 1028 1356 1094 ferri
1401 1014 1687 1115 stringere
1733 1026 2033 1092 duritiem!

750 1143 1079 1210 Abiunctae
1121 1146 1302 1232 paulo
1352 1159 1484 1210 ante
1530 1166 1730 1219 comae
1775 1167 1902 1209 mea
1946 1144 2068 1209 sata
2111 1164 2346 1207 sorores

845 1261 1184 1349 Lugebant,
1234 1285 1365 1326 cum
1412 1285 1473 1326 se
1517 1262 1851 1326 Memnonis
1894 1260 2209 1348 Aethiopis

754 1377 1018 1466 Unigena
1063 1379 1361 1466 impellens
1408 1377 1766 1444 nictantibus
1813 1388 1950 1442 ae‘ra
1993 1379 2200 1465 pennis

851 1493 1108 1571 Obtulit,
1158 1494 1444 1561 Arsinoes
1488 1495 1777 1561 Locridos
1822 1495 1940 1559 ales
1987 1516 2192 1581 equuS.

751 1612 923 1700 Isque
967 1635 1075 1699 per
1119 1613 1403 1677 aetherias
1450 1635 1540 1676 me
1586 1612 1798 1676 tollens
1844 1612 2044 1676 avolat
2084 1609 2322 1675 umbras

845 1728 924 1794 Et
964 1729 1213 1793 Veneris
1243 1712 1421 1794 'casto
1469 1729 1717 1793 collocat
1760 1732 1822 1792 in
1867 1731 2110 1816 gremio.

749 1845 883 1933 Ipsa
928 1868 1100 1909 suum
1147 1846 1486 1932 Zephyritis
1533 1868 1603 1910 eo
1652 1845 1934 1909 famulum
1977 1847 2216 1934 legarat,

850 1960 1026 2026 Graia
1074 1959 1367 2049 Canopeis
1412 1962 1603 2026 incola
1649 1962 1940 2039 litoribuS‚
1992 2018 1996 2026 ,
2235 1938 2240 1943 ⁶

749 2077 1010 2141 Indidem
1057 2077 1139 2142 ibi
1188 2082 1350 2142 vario
1402 2101 1471 2143 ne
1518 2079 1711 2144 solum
1755 2084 1817 2144 in
1863 2080 2078 2143 lumine
2125 2078 2263 2142 caeli

818 2194 944 2260 ·Ex
987 2194 1299 2260 Ariadneis
1345 2218 1521 2260 aurea
1565 2195 1931 2285 temporibus

750 2309 900 2374 Fixa
946 2333 1166 2375 corona
1210 2311 1391 2390 foret,
1441 2314 1545 2377 sed
1583 2331 1701 2378 nos
1750 2335 1987 2402 quoque
2033 2310 2386 2399 fulgeremus

844 2427 1109 2513 Devotae
1153 2427 1294 2493 flavi
1339 2433 1572 2495 verticis
1619 2434 1886 2496 exuviae.

754 2542 1063 2609 Uvidulam
1113 2568 1146 2608 a
1187 2544 1373 2610 fluctu
1421 2546 1716 2610 cedentem
1763 2546 1838 2611 ad
1880 2546 2098 2634 templa
2143 2545 2315 2610 deum
2360 2565 2450 2607 me

850 2660 1030 2727 Sidus
1076 2664 1138 2725 in
1184 2666 1440 2749 antiquis
1488 2662 1624 2726 diva
1668 2686 1890 2728 novum
1935 2666 2167 2750 posuit:

752 2778 1014 2866 Virginis
1062 2791 1119 2842 et
1163 2781 1321 2843 saevi
1368 2782 1712 2869 contingens
1758 2801 2009 2867 namque
2052 2779 2268 2843 Leonis

850 2894 1124 2973 Lumina,
1177 2892 1417 2960 Callisto
1466 2899 1661 2960 iuncta
1708 2895 2054 2983 Lycaoniae,

752 3008 972 3075 Vertor
1015 3015 1076 3077 in
1124 3035 1423 3090 occasum,
1471 3012 1704 3077 tardum
1753 3011 1879 3076 dux
1924 3025 2056 3077 ante
2100 3012 2351 3090 Booten,

852 3125 966 3209 Qui
1011 3132 1115 3192 vix
1161 3152 1292 3194 sero
1341 3129 1458 3194 alto
1505 3132 1789 3217 mergitur
1835 3126 2089 3195 Oceano.

754 3242 875 3309 Sed
920 3265 1269 3332 quamquam
1317 3268 1406 3311 me
1451 3259 1624 3311 nocte
1668 3258 1943 3334 premunt
1985 3248 2232 3335 vestigia
2276 3244 2495 3324 divum,

847 3362 984 3427 Lux
1028 3374 1221 3426 autem
1266 3385 1438 3429 canae
1485 3364 1705 3451 Tethyi
1749 3366 2023 3442 restituit,
