3084 3967
426 2157 482 2199 10

428 2740 483 2781 15

427 3326 485 3366 20

1522 328 1609 399 ³0

1159 834 1364 895 XXIX.
1424 835 1496 894 IN
1546 835 1941 896 CAESAREM

824 1047 994 1161 Quis
1041 1085 1157 1148 hoe
1200 1096 1401 1172 potest
1444 1084 1671 1161 videre,
1722 1087 1854 1172 quis
1899 1098 2102 1173 potest
2144 1090 2300 1174 pati,

819 1202 948 1267 Nisi
994 1200 1327 1289 impudicus
1375 1212 1434 1264 et
1479 1223 1670 1264 vorax
1713 1213 1772 1265 et
1816 1202 1964 1279 alen,

821 1320 1181 1383 Mamurram
1226 1316 1442 1382 habere
1461 1366 1476 1395 ,
1527 1316 1693 1404 quod
1741 1316 1988 1383 Comata
2034 1317 2221 1384 Gallia

820 1434 1094 1501 Habebat
1136 1436 1299 1498 uncti
1344 1447 1404 1500 et
1445 1435 1652 1498 ultima
1694 1434 2043 1500 Britannia?

822 1552 1077 1619 Cinaede
1122 1551 1403 1628 Romule,
1452 1552 1597 1615 haee
1643 1551 1868 1616 videbis
1915 1565 1975 1617 et
2017 1545 2211 1619 feres?

818 1670 898 1734 Et
940 1670 1033 1733 ille
1078 1690 1236 1732 nune
1282 1666 1575 1755 superbus
1623 1682 1682 1732 et
1726 1670 2093 1756 superfluens
2167 1683 2172 1688 “

815 1784 1259 1852 Perambulabit
1305 1787 1566 1854 omnium
1613 1784 1855 1862 cubilia,

823 1901 902 1969 Ut
945 1903 1178 1967 albulus
1227 1901 1534 1965 columbus
1583 1902 1730 1965 haut
1774 1901 2070 1966 idoneus?

824 2019 1080 2086 Cinaede
1124 2018 1408 2096 Romule,
1455 2018 1602 2082 haee
1647 2018 1874 2084 videbis
1921 2032 1980 2083 et
2023 2018 2248 2085 feresP'

819 2138 900 2202 Es
946 2134 1278 2223 impudicus
1325 2146 1385 2198 et
1428 2156 1620 2199 vorax
1664 2148 1723 2200 et
1766 2136 1914 2200 aleo.

818 2255 986 2319 Eone
1030 2255 1297 2328 nomine,
1346 2254 1667 2338 imperator
1710 2255 1908 2329 unice,

820 2371 1012 2436 Fuisti
1059 2373 1120 2433 in
1165 2369 1370 2432 ultima
1416 2368 1735 2435 occidentis
1781 2370 2006 2447 insula,

821 2484 902 2552 Ut
945 2490 1059 2551 ista
1105 2497 1300 2550 vestra
1346 2485 1624 2550 diffututa
1666 2486 1926 2551 mentula

819 2604 1137 2668 Ducenties
1185 2615 1470 2666 comesset
1515 2616 1620 2667 aut
1662 2603 2014 2668 trecenties?

823 2719 983 2804 Quid
1027 2732 1116 2785 est
1159 2718 1281 2783 alid
1325 2721 1563 2783 sinistra
1607 2718 1970 2786 liberalitas?

821 2836 1039 2902 Parum
1087 2839 1422 2925 expatravit
1466 2858 1539 2900 an
1585 2859 1795 2925 parum
1843 2838 2136 2907 helluatus
2167 2844 2311 2909 est?

822 2954 1073 3018 Paterna'
1117 2957 1306 3042 prima
1349 2955 1639 3019 lancinata
1683 2968 1824 3020 sunt
1865 2955 2057 3022 bona:

825 3069 1097 3135 Secunda
1140 3071 1359 3156 praeda
1400 3070 1677 3137 Pontica:
1724 3072 1860 3138 inde
1905 3077 2077 3139 tertia

822 3187 1016 3264 lbera,
1068 3208 1244 3274 quam
1288 3191 1399 3252 seit
1443 3193 1628 3254 amnis
1676 3189 1893 3256 aurifer
1938 3192 2162 3281 Tagus.

822 3304 1022 3368 Eunee
1070 3301 1287 3369 Galliae
1334 3318 1391 3370 et
1434 3309 1644 3372 timent
1685 3305 2068 3372 Britanniae?
