3084 3967
479 1030 533 1071 ‘15

475 1611 531 1654 80

474 2197 529 2239 85

475 2778 531 2820 90

1555 365 1679 429 194

686 539 870 627 (Pace
916 557 1019 609 tua
1064 543 1173 608 sari
1217 543 1313 607 hic
1359 543 1554 620 liceat,
1603 544 1971 608 Rhamnusia
2016 547 2220 633 virg03

768 659 1036 749 Namque
1081 681 1190 746 ego
1238 681 1359 723 non
1405 659 1527 724 ullo
1575 681 1715 723 vera
1757 663 1968 724 timore
2012 672 2224 749 tegam,

679 776 802 842 Nee
847 781 894 842 si
943 800 1032 841 me
1076 773 1302 840 infestis
1352 774 1683 864 discerpent
1727 775 1919 841 sidera
1965 775 2153 853 dietis,

774 894 1029 960 Condita
1075 896 1218 980 quin
1262 896 1386 959 veri
1431 897 1688 981 pectoris
1736 871 2073 976 evoluamt)

683 1009 819 1077 Non
862 1011 954 1074 his
1002 1024 1119 1075 tam
1165 1010 1352 1075 laetor
1395 1009 1594 1087 rebuS,
1646 1032 1822 1098 quam
1869 1033 1958 1074 me
2007 1010 2209 1075 abfore
2254 1033 2500 1098 semper,

767 1125 993 1191 Absore
1037 1150 1126 1191 me
1172 1150 1207 1189 a
1252 1126 1522 1190 dominae
1569 1130 1784 1191 vertice
1830 1125 2181 1191 discrucior:

683 1243 929 1325 Quicum
979 1265 1109 1330 ego,
1159 1242 1299 1306 dum
1345 1245 1515 1329 virgo
1564 1242 1863 1329 quondam
1912 1242 2025 1307 suit
2072 1242 2343 1308 omnibus
2391 1244 2589 1331 exples

768 1359 1115 1448 UnguentiS,
1164 1381 1282 1423 una
1328 1358 1482 1422 milia
1530 1358 1712 1422 multa
1756 1357 1899 1422 bibi.
2567 1361 2573 1368 '

680 1476 852 1542 Nune
896 1500 1024 1553 vos,
1077 1489 1282 1564 optato
1333 1497 1478 1563 quas
1526 1478 1724 1540 iunxit
1768 1476 1985 1541 lumine
2031 1477 2219 1554 taeda,

769 1593 906 1659 Non
950 1596 1117 1681 prius
1164 1595 1454 1657 unanimis
1502 1614 1757 1679 corpora
1801 1593 2153 1681 coniugibus

682 1712 923 1777 Tradite
969 1709 1258 1774 nudantes
1304 1712 1518 1772 reiecta
1564 1720 1724 1773 veste
1770 1710 2035 1797 papillas,

770 1828 958 1911 Quam
1003 1825 1261 1891 iucunda
1305 1825 1447 1888 mihi
1492 1847 1738 1888 munera
1780 1825 1924 1889 libet
1970 1848 2152 1912 onyx,

679 1946 892 2012 Vester
939 1966 1122 2031 onyx,
1173 1954 1333 2006 casto
1381 1943 1580 2027 petitis
1628 1962 1787 2028 quae·
1823 1945 1953 2005 iura
1998 1943 2194 2008 cubili.

771 2059 892 2126 Sed
937 2082 1085 2148 quae
1132 2081 1193 2123 se
1241 2062 1473 2145 impuro
1523 2057 1684 2121 dedit
1730 2058 2037 2135 adulterio,

678 2180 838 2244 Illius
886 2178 963 2241 ah
1007 2177 1157 2240 mala
1202 2174 1358 2238 dona
1403 2174 1547 2238 levis
1593 2173 1759 2238 bibat
1804 2178 1967 2239 irrita
2013 2177 2239 2263 pulvis:

769 2294 1034 2382 Namque
1082 2315 1191 2380 ego
1239 2290 1312 2355 ab
1359 2290 1616 2378 indignis
1663 2295 1919 2377 praemia
1964 2292 2125 2356 nulla
2169 2306 2330 2380 peto.

682 2413 780 2480 Sic
827 2415 1027 2500 magis,
1080 2433 1113 2473 o
1161 2421 1397 2496 nuptae,
1448 2431 1678 2494 semper
1723 2408 2037 2473 eoncordia
2082 2422 2315 2475 vostras

773 2529 1018 2616 Semper
1063 2549 1226 2591 amor
1272 2524 1437 2589 sedes
1483 2525 1703 2589 incolat
1748 2525 2040 2590 assiduus.

683 2647 782 2710 Tu
828 2668 989 2721 vero,
1037 2646 1265 2731 regina,
1314 2655 1487 2705 tuens
1534 2664 1666 2706 cum
1712 2642 1903 2706 sidera
1949 2642 2144 2706 divam

766 2761 1031 2826 Placabis
1078 2759 1240 2824 festis
1286 2757 1605 2823 luminibus
1634 2758 1940 2836 Venerem,

681 2876 971 2965 Unguinis
1018 2889 1313 2964 expertem
1360 2898 1484 2939 non
1529 2878 1660 2938 siris
1708 2897 1834 2939 esse
1878 2888 2040 2940 tuam
2085 2898 2193 2955 me,

771 2992 891 3058 Sed
935 2997 1136 3080 potius
1182 2993 1360 3080 largis
1407 2990 1570 3055 affice
1616 2991 1973 3069 muneribus,

683 3110 888 3176 Sidera
934 3131 1039 3172 eur
1083 3113 1321 3174 iterent:
1371 3112 1628 3173 »utinam
1678 3132 1844 3174 coma
1888 3114 2050 3200 regia
2093 3112 2298 3177 fiaml«

772 3228 1053 3291 Protinus
1099 3225 1447 3312 Hydrochoi
1494 3225 1693 3313 fulgor
1738 3240 1795 3291 et
1842 3226 2083 3294 Oarion.
