3084 3967
479 2061 532 2097 10

479 3226 536 3265 2⁴)

1522 361 1661 448 ,46

1251 756 1449 813 XXIII.
1513 756 1616 812 AD
1664 755 1959 813 FURIUM.

913 964 1109 1078 Furi,
1159 1005 1253 1065 cui
1297 1025 1488 1090 neque
1535 1025 1742 1067 servus
1790 1015 1880 1066 est
1923 986 2114 1089 neq’ue
2160 1025 2322 1080 arca,

913 1116 1034 1181 Nec
1079 1122 1267 1182 cimex
1311 1139 1502 1205 neque
1549 1141 1797 1183 araneus
1843 1141 2034 1206 neque
2080 1122 2252 1207 igniS,

911 1234 1134 1298 Verum
1181 1247 1271 1297 est
1315 1247 1374 1299 et
1416 1247 1587 1320 pater
1632 1247 1690 1298 et
1733 1256 2020 1312 noverca,
2072 1250 2359 1321 quorum·

913 1349 1131 1413 Dentes
1178 1351 1272 1413 vel
1317 1350 1536 1413 silicem
1586 1371 1841 1414 comesse
1887 1364 2171 1438 possunt:

913 1466 1023 1530 Est
1066 1467 1311 1553 pulchre
1356 1466 1464 1530 tibi
1512 1489 1643 1529 cum
1688 1480 1795 1531 tuo
1842 1481 2084 1553 parente

911 1583 991 1647 Et
1035 1605 1166 1646 cum
1214 1587 1462 1671 coniuge
1511 1584 1703 1671 lignea
1747 1587 2026 1670 parentis.

911 1698 1033 1763 Nec
1079 1703 1319 1764 mirum:
1365 1699 1514 1764 bene
1560 1721 1695 1762 nam
1742 1700 1947 1763 valetis
1997 1723 2217 1777 omneS,

911 1816 1165 1879 Pulchre
1213 1818 1602 1901 concoquitiS,
1649 1815 1798 1878 nihil
1842 1819 2078 1894 timetis,

913 1928 1049 1993 Non
1097 1930 1396 2007 incendia,
1444 1953 1568 1994 non
1613 1954 1823 2018 graves
1869 1935 2090 2010 ruinaS‚

913 2043 1051 2109 Non
1098 2045 1257 2110 furta
1303 2050 1509 2134 impia,
1560 2070 1683 2111 non
1730 2047 1901 2113 dolos
1948 2053 2183 2127 veneni,

912 2159 1050 2225 Non
1096 2184 1266 2226 casus
1314 2163 1461 2226 alios
1506 2164 1925 2250 periculorum.

913 2278 1102 2366 Atqui
1148 2301 1401 2365 corpora
1446 2282 1693 2344 sicciora
1738 2304 1954 2359 cornu,

915 2395 1043 2460 Aut
1087 2399 1138 2459 si
1186 2396 1330 2482 quid
1374 2400 1561 2484 magis
1607 2397 1836 2461 aridum
1884 2412 2002 2475 est,
2049 2397 2277 2462 habetis

918 2511 1057 2577 Sole
1104 2525 1163 2576 et
1205 2511 1423 2599 frigore
1471 2525 1529 2575 et
1574 2517 1913 2577 esuritione.

920 2627 1113 2711 Quare
1158 2652 1282 2692 non
1326 2627 1436 2692 tibi
1482 2632 1561 2691 sit
1603 2628 1751 2693 bene
1797 2653 1863 2693 ac
1905 2629 2119 2694 beate?

915 2744 972 2809 A
1019 2760 1075 2810 te
1122 2745 1310 2810 sudor
1354 2744 1550 2820 abest,
1600 2745 1769 2809 abest
1812 2747 2022 2823 saliva,

914 2861 1246 2950 Mucusque
1291 2877 1351 2927 et
1393 2862 1546 2926 mala
1590 2865 1806 2949 pituita
1847 2866 1994 2926 nasi.

915 2976 1080 3041 Hanc
1125 2980 1200 3043 ad
1243 2979 1589 3052 munditiem
1637 2978 1787 3043 adde
1830 2978 2230 3054 mundiorem,

919 3091 1096 3175 Quod
1142 3097 1306 3160 culus
1353 3097 1465 3161 tibi
1505 3099 1716 3183 purior
1761 3096 1947 3160 salillo
1994 3110 2112 3175 est,

914 3208 1037 3273 Nec
1082 3223 1212 3301 toto
1261 3212 1448 3276 decies
1495 3235 1660 3277 cacas
1705 3216 1767 3277 in
1813 3236 1988 3290 ann0‚

916 3326 1116 3414 Atque
1162 3326 1224 3390 id
1271 3326 1476 3392 durius
1523 3342 1614 3392 est
1656 3328 1790 3393 faba
1837 3343 1893 3393 et
1937 3329 2166 3416 lapillis,
