3084 3967
443 564 500 605 ⁷0

441 1148 497 1189 ⁷5

441 1727 497 1770 80

440 2312 495 2353 85

439 2892 495 2932 90

1548 369 1672 431 146

633 547 763 636 Ego
814 548 1017 614 viridis
1063 546 1256 635 algida
1296 546 1432 611 Idae
1477 551 1612 611 nive
1659 551 1867 615 amicta
1911 549 2041 612 loca
2085 549 2314 613 colam?

632 665 762 752 Ego
809 669 989 729 vitam
1038 686 1204 751 agam
1254 662 1364 726 sub
1414 664 1546 727 altis
1591 665 1887 752 Phrygiae
1935 664 2344 739 eolnminibm,

635 780 749 845 Ubi
795 803 964 844 cerva
1011 781 1394 857 silvicultrix,
1444 781 1549 846 ubi
1596 804 1735 867 aper
1780 781 2243 868 nemorivagus?

631 897 751 960 Iam
796 899 908 960 iam
957 896 1118 962 dolet
1164 897 1328 984 quod
1374 901 1495 985 egi,
1546 901 1660 961 iam
1707 902 1937 985 iamque
1980 901 2298 984 paenitet«

721 1013 932 1077 Roseis
981 1027 1050 1078 ut
1094 1015 1232 1078 huie
1276 1012 1500 1077 labellis
1549 1017 1780 1079 sonitus
1829 1014 1978 1078 celer
2023 1013 2197 1091 abiit,

637 1128 908 1193 Geminas
956 1129 1200 1195 deorum
1248 1128 1324 1193 ad
1369 1152 1539 1193 aures
1587 1153 1746 1194 nova
1789 1133 1997 1194 nuntia
2039 1129 2314 1207 referem,

630 1245 717 1309 Ibi
763 1249 962 1310 iuncta
1008 1249 1149 1333 iuga
1192 1247 1494 1310 resolvens
1545 1245 1763 1332 Cybele
1809 1246 2079 1312 leonibus

634 1362 1010 1449 Laevumque
1054 1365 1285 1450 peeoris
1331 1363 1564 1426 hostem
1610 1364 1917 1427 stimulans
1965 1367 2047 1428 ita
2091 1363 2386 1450 loquitur:

723 1478 1054 1566 »Agedum
1101 1482 1313 1567 inquit,
1361 1503 1467 1568 age
1499 1480 1689 1556 ferox,
1735 1483 1782 1556 i,
1817 1480 1939 1543 face
1972 1493 2040 1543 ut
2074 1481 2233 1544 hune
2264 1478 2432 1545 furor
2462 1483 2660 1568 agitet,

631 1593 779 1660 Face
824 1608 893 1659 tu
936 1594 1155 1661 furoris
1202 1600 1323 1660 ictu
1367 1597 1620 1661 reditum
1668 1600 1730 1660 in
1774 1619 2015 1662 nemora
2059 1595 2237 1673 ferat,

632 1711 767 1775 Mea
809 1710 987 1777 libere
1032 1716 1205 1777 nimis
1254 1717 1356 1800 qui
1402 1713 1605 1801 sugere
1651 1716 1895 1799 imperia
1940 1716 2121 1799 cupit.

632 1827 762 1915 Age
809 1827 981 1892 caede
1025 1842 1192 1916 terga
1238 1828 1454 1906 cauda,
1503 1843 1609 1893 tua
1655 1828 1899 1894 verbera
1941 1842 2170 1917 patere,
2226 1827 2235 1846 ⁴

629 1944 748 2007 Fac
793 1958 1002 2009 cuncta
1046 1947 1331 2030 mugienti
1375 1944 1612 2009 fremitu
1656 1946 1786 2009 loca
1828 1959 2132 2022 retonent‚

630 2061 892 2125 Rutilam
938 2059 1110 2124 ferox
1153 2073 1359 2124 torosa
1405 2064 1626 2125 cervice
1674 2074 1849 2148 quate
1896 2063 2159 2127 iubam«

723 2178 826 2243 Ait
870 2177 1014 2240 haec
1057 2180 1257 2241 minax
1291 2175 1531 2263 Cybebe
1575 2179 1900 2265 religatque
1944 2183 2084 2266 iuga
2126 2202 2324 2264 mann.

635 2295 822 2358 Ferus
868 2297 995 2379 ipse
1042 2316 1167 2356 sese
1214 2293 1536 2358 adhortans
1584 2294 1853 2380 rapidum
1899 2298 2102 2359 incitat
2147 2299 2431 2371 animum,

630 2411 841 2488 Vadit,
891 2409 1114 2487 fremit,
1163 2410 1432 2496 refringit
1479 2411 1734 2497 virgulta
1782 2411 1929 2497 pede
1975 2435 2148 2500 vago.

631 2527 715 2591 At
758 2527 863 2591 ubi
908 2527 1151 2591 humida
1197 2525 1500 2590 albicantis
1548 2527 1678 2590 loca
1722 2527 1912 2590 litoris
1960 2527 2133 2603 adiit,

634 2644 1037 2753 Teneramque
1086 2643 1235 2707 vidit
1277 2642 1448 2707 Attin
1494 2665 1684 2730 prope
1729 2664 2023 2707 marmora
2065 2646 2284 2731 pelagi,

632 2760 796 2823 Facit
838 2763 1149 2847 impetum:
1194 2761 1295 2824 illa
1341 2759 1577 2823 demens
1624 2757 1777 2846 sugit
1821 2763 1883 2823 in
1929 2782 2169 2824 nemora
2212 2760 2361 2837 fera,

633 2873 748 2939 Ubi
795 2897 1021 2964 semper
1069 2900 1238 2940 omne
1285 2878 1438 2940 vitae
1484 2878 1738 2962 spatium
1786 2875 2001 2939 famula
2046 2875 2175 2941 suit.

722 3035 875 3112 Dea,
924 3059 1135 3123 magna
1182 3037 1318 3114 dea,
1371 3035 1640 3124 Cybebe,
1692 3035 1798 3099 dea
1844 3033 2080 3099 domina
2125 3037 2433 3124 Dindymi,

632 3152 850 3216 Procul
896 3176 930 3215 a
975 3175 1103 3216 mea
1145 3167 1285 3218 tuus
1333 3157 1410 3218 sit
1455 3154 1625 3218 furor
1672 3157 1878 3231 omniS‚
1927 3154 2098 3232 hera,
2149 3156 2359 3233 (lomo3

631 3269 802 3333 Alios
850 3291 956 3356 age
1003 3271 1293 3347 incitatos,
1342 3272 1488 3335 alios
1535 3294 1641 3358 age
1686 3271 1946 3336 rabidos,
