3084 3967
477 1961 530 2000 10

480 2544 535 2585 15

483 3129 539 3171 20

1561 365 1647 429 84

1260 689 1451 749 XLIV.
1502 691 1602 749 AD
1646 690 1958 750 FUNDUM.

773 852 844 952 O
894 888 1072 953 funde
1117 903 1338 969 noster,
1391 914 1496 957 seu
1544 890 1780 968 Sabine,
1833 913 1938 955 seu
1985 890 2226 968 TiburS,

770 1000 943 1088 (Nam
987 1019 1045 1070 te
1092 1028 1218 1071 esse
1267 1006 1578 1072 Tiburtem
1624 1021 1951 1086 autumant,
1999 1006 2216 1095 quibus
2263 1030 2386 1072 non
2431 1020 2520 1091 est

770 1120 954 1186 Cordi
1003 1121 1301 1187 Catullum
1346 1124 1603 1189 laedere:
1657 1136 1719 1188 at
1764 1122 1982 1211 quibus
2029 1124 2194 1189 cordi
2239 1137 2345 1201 est,

771 1235 998 1320 Quovis
1045 1237 1334 1303 Sabinum
1378 1243 1628 1328 pignore
1676 1262 1802 1305 esse
1850 1237 2239 1324 contendunt)

771 1353 891 1419 Sed
936 1377 1041 1419 seu
1090 1354 1325 1432 Sabine,
1376 1358 1500 1420 sive
1547 1360 1744 1420 verius
1792 1355 2034 1434 Tiburs,

769 1470 883 1534 Fui
928 1471 1176 1536 libenter
1221 1475 1284 1536 in
1327 1484 1432 1536 tua
1480 1471 1823 1537 suburbana

770 1586 926 1651 Villa
971 1589 1298 1676 malamque
1345 1601 1584 1676 pectore
1632 1590 1836 1677 expuli
1882 1592 2111 1667 tussim,

768 1702 905 1768 Non
948 1708 1274 1771 immerenti
1318 1728 1495 1793 quam
1542 1706 1686 1769 mihi
1730 1729 1895 1770 meus
1943 1720 2162 1784 venter,

772 1820 931 1885 Dum
977 1834 1358 1909 sumptuosas
1405 1835 1642 1909 appeto,
1693 1821 1871 1899 dedit,
1922 1846 2111 1887 cenas·

771 1935 921 2001 Nam
967 1936 1274 2002 Sestianus
1322 1936 1461 2002 dum
1508 1938 1649 2001 volo
1698 1961 1823 2002 esse
1871 1942 2137 2015 conviva,

775 2051 1116 2118 Orationem
1161 2058 1222 2118 in
1268 2054 1514 2119 Antium
1560 2059 1872 2141 petitorem

770 2170 1010 2235 Plenam
1057 2176 1265 2236 veneni
1311 2186 1369 2237 et
1413 2172 1776 2258 pestilentiae
1822 2172 1955 2258 legi.

772 2288 883 2352 Hie
927 2310 1017 2352 me
1064 2288 1324 2377 gravedo
1371 2286 1587 2376 frigida
1633 2301 1692 2353 et
1735 2288 2009 2374 frequens
2055 2289 2236 2351 tussis

776 2403 1096 2503 Quassavit
1139 2427 1328 2492 usque
1375 2404 1515 2469 dum
1562 2408 1622 2467 in
1669 2417 1839 2469 tuum
1886 2406 2079 2467 sinum
2122 2402 2247 2490 fugi

775 2522 854 2586 Et
894 2544 985 2587 me
1030 2525 1299 2588 recuravi
1348 2525 1590 2608 otioque
1637 2534 1696 2585 et
1738 2524 1945 2585 urtica.

778 2635 972 2721 Quare
1017 2639 1268 2704 resectus
1314 2641 1598 2702 maximas
1643 2635 1753 2701 tibi
1797 2649 1993 2725 grates

779 2755 934 2842 Ago,
983 2779 1175 2821 meum
1220 2755 1386 2843 quod
1429 2778 1554 2819 non
1598 2777 1659 2818 es
1702 2753 1851 2818 ultu’
1897 2764 2215 2840 peccatum.

777 2870 897 2935 Nee
942 2872 1225 2959 deprecor
1269 2876 1414 2948 iam,
1464 2875 1515 2935 si
1560 2869 1779 2934 nefaria
1826 2873 2043 2957 scripta

706 3002 711 3006 ’
780 2985 936 3051 Sesti
981 3010 1242 3075 reeepso‚
1292 2991 1438 3076 quin
1482 2987 1857 3074 gravedinem
1903 2999 1963 3051 et
2003 2990 2211 3052 tussim

778 3100 917 3169 Non
961 3105 1138 3182 mihi,
1189 3104 1293 3170 sed
1337 3108 1452 3192 ipsi
1498 3104 1694 3170 Sestio
1742 3103 1891 3168 ferat
1932 3102 2138 3192 friguS‚

782 3218 899 3303 Qui
942 3233 1085 3285 tunc
1130 3235 1304 3285 vocat
1345 3245 1456 3299 me,
1507 3243 1638 3286 eum
1684 3221 1898 3285 malum
1942 3221 2086 3309 legit
2125 3217 2357 3288 librum.

1408 3444 1592 3451 —-—
1601 3444 1827 3452 Μῃ-
