3084 3967
1576 368 1701 432 170

890 547 1136 613 Talibus
1183 547 1461 634 amplifice
1507 551 1688 613 vestis
1736 548 2007 614 decorata
2049 551 2255 640 figuris

798 666 1080 731 Pulvinar
1123 664 1427 751 complexa
1472 688 1583 729 suo
1632 665 1862 731 velabat
1905 670 2137 732 amictu.

802 782 964 865 Quae
991 792 1308 868 postquam
1337 782 1547 869 cupide
1594 760 1911 869 spectando
1946 780 2231 848 Thessala
2260 784 2446 872 pubes

477 919 565 960 2⁷0
798 897 1049 984 Expleta
1094 910 1199 974 est,
1247 901 1462 963 sanctis
1508 903 1705 988 coepit
1749 901 2020 967 decedere
2068 900 2237 965 divis.

796 1015 922 1091 Hic,
972 1014 1157 1100 qualis
1201 1014 1348 1079 flatu
1385 1016 1679 1102 placidum
1724 1040 1878 1082 mare
1921 1021 2209 1103 matutino

794 1130 1152 1198 Horrificans
1197 1130 1509 1219 Zephyrus
1556 1134 1849 1219 proclivas
1895 1137 2096 1198 incitat
2139 1133 2327 1198 undas

794 1247 1031 1313 Aurora
1075 1251 1376 1312 exoriente
1421 1252 1555 1335 vagi
1601 1248 1712 1313 sub
1759 1250 1957 1314 limina
1993 1249 2195 1316 Solis:

799 1363 961 1446 Quae
1003 1363 1169 1429 tarde
1212 1367 1466 1451 primum
1513 1366 1776 1430 clementi
1819 1367 2048 1431 flamine
2091 1368 2296 1455 pulsae

473 1499 559 1539 275
793 1451 1132 1546 Procedunt
1175 1477 1316 1564 (leni
1358 1497 1637 1548 resonant
1678 1484 1961 1571 plangore
2007 1481 2314 1566 cachinni),

790 1599 940 1663 Post
984 1611 1166 1663 vento
1209 1612 1496 1668 crescente
1540 1603 1725 1689 magis
1746 1591 1955 1689 'magis
2001 1601 2454 1678 increbrescunt,

789 1717 1212 1803 Purpureaque
1255 1716 1463 1800 procul
1508 1730 1713 1782 nantes
1760 1742 1793 1782 a
1836 1718 1963 1781 luce
2007 1717 2326 1805 refulgent:

791 1831 891 1898 Sic
933 1844 1062 1896 tum
1106 1831 1381 1896 vestibuli
1425 1833 1754 1920 linquentes
1799 1837 1963 1922 regia
2004 1846 2155 1898 tecta

789 1948 889 2014 Ad
933 1972 994 2014 se
1040 1952 1291 2037 quisque
1335 1971 1489 2037 vago
1535 1953 1752 2037 passim
1798 1951 1949 2039 pede
1996 1950 2385 2016 discedebant.

468 2080 553 2121 280
793 2066 1060 2150 Quorum
1103 2078 1246 2151 post
1290 2064 1512 2130 abitum
1558 2070 1828 2156 princeps
1875 2090 1905 2131 e
1952 2071 2165 2132 vertice
2208 2068 2331 2133 Peli

788 2183 1049 2248 Advenit
1094 2180 1321 2247 Chiron
1364 2196 1610 2271 portans
1656 2185 1946 2249 silvestria
1992 2185 2175 2249 dona:

786 2300 935 2367 Nam
962 2320 1347 2387 quoscunque
1379 2300 1576 2365 ferunt
1605 2305 1810 2388 campi,
1844 2323 1997 2388 quos
2031 2301 2315 2367 Thessala
2343 2307 2567 2392 magnis

786 2415 1094 2484 Montibus
1141 2439 1246 2481 ora
1291 2430 1461 2493 creat,
1510 2439 1663 2504 quos
1707 2430 1956 2504 propter
1997 2418 2253 2483 fluminis
2301 2421 2487 2486 undas

701 2545 718 2574 ¹
784 2534 951 2601 Aura
994 2536 1152 2621 parit
1193 2532 1370 2598 flores
1415 2532 1598 2621 tepidi
1645 2532 1894 2598 fecunda
1936 2534 2183 2612 Favoni,

465 2664 552 2707 285
786 2651 913 2717 Hos
958 2654 1023 2715 in
1067 2650 1374 2738 distinctis·
1398 2650 1608 2737 plexos
1654 2623 1791 2714 tulit
1834 2654 1960 2737 ipse
2007 2651 2260 2729 corollis,

759 2767 920 2853 'Quo
969 2768 1262 2854 permulsa
1307 2766 1518 2831 domus
1565 2766 1823 2832 iucundo
1870 2770 2002 2831 risit
2048 2767 2249 2832 odore.

788 2884 1112 2951 Confestim
1153 2885 1380 2950 Peneos
1427 2882 1611 2959 adest,
1659 2881 1971 2947 viridantia
2018 2883 2257 2972 Tempe,

787 3002 1026 3088 Tempe,
1074 3023 1222 3089 quae
1269 3000 1448 3064 silvae
1495 3002 1740 3087 cingunt
1785 3001 2378 3088 superimpendentes,

783 3118 1160 3183 Haemonisin
1206 3117 1474 3204 linquens
1519 3115 1662 3181 diris
1710 3114 2060 3182 celebranda
2096 3118 2343 3196 choreis,

463 3249 550 3291 290
787 3233 925 3298 Non
970 3254 1219 3296 vacuus:
1263 3254 1513 3320 namque
1557 3234 1651 3297 ille
1695 3233 1833 3297 tulit
1876 3233 2154 3300 radicitus
2201 3235 2347 3301 altas

781 3350 973 3438 Fagos
1020 3370 1086 3413 ac
1130 3362 1288 3414 recto
1335 3370 1610 3436 proceras
1655 3352 1853 3436 stipite
1898 3350 2118 3427 laurus,
