3084 3967
460 994 517 1036 50

457 1573 514 1616 55

458 2162 515 2204 60

460 2746 516 2788 65

465 3334 521 3374 ⁷0

1539 321 1664 386 152

757 502 985 570 Candet
1028 503 1176 567 ebur
1221 501 1404 579 soliis»,
1453 501 1745 565 collucent
1786 501 2002 589 pocula
2046 523 2309 566 mensae:

758 622 917 686 Tota
962 620 1171 684 domus
1217 616 1438 706 gaudet
1481 619 1662 706 regali
1708 618 2016 706 splendida
2059 641 2225 707 gaza.

753 737 1036 802 Pulvinar
1080 757 1221 800 vero
1272 734 1441 799 divae
1485 735 1711 824 geniale
1756 736 1984 800 locatur

756 852 1010 918 Sedibus
1055 855 1118 916 in
1159 851 1385 930 medii5‚
1433 851 1580 917 Indo
1630 853 1795 940 quod
1841 852 2012 917 dente
2056 853 2307 940 politum

760 970 972 1033 Tincta
1015 973 1161 1058 tegit
1203 992 1379 1035 roseo
1427 969 1700 1056 conchyli
1743 992 2019 1057 purpura
2058 969 2214 1034 fuco·

752 1085 909 1150 Haec
954 1089 1132 1150 vestis
1176 1089 1385 1173 priscis
1432 1087 1742 1149 hominum
1787 1089 2011 1151 variata
2054 1088 2260 1175 figuris

752 1202 1016 1266 Heroum
1059 1205 1207 1266 mira
1252 1205 1502 1266 virtutes
1550 1200 1769 1266 indicat
1813 1215 1958 1267 arte.

751 1316 1019 1407 Namque
1063 1319 1421 1383 fluentisono
1469 1332 1855 1406 prospectans
1902 1320 2075 1384 litore
2120 1319 2266 1384 Diae

756 1438 987 1501 Thesea
1033 1435 1329 1500 cedentem
1376 1436 1545 1500 celeri
1591 1458 1724 1500 cum
1770 1437 1951 1501 classe
1997 1449 2199 1501 tuetur

753 1554 1077 1620 Indomitos
1124 1555 1185 1618 in
1231 1551 1407 1618 corde
1451 1575 1660 1642 gerens
1706 1553 1970 1618 Ariadna
2015 1551 2277 1632 furores;

751 1671 1014 1736 Necdum
1063 1675 1235 1736 etiam
1283 1691 1437 1747 sese,
1489 1692 1639 1758 quae
1688 1673 1856 1747 visit,
1906 1673 2093 1735 visere
2139 1671 2351 1748 credit,

757 1785 973 1876 Utpote
1019 1787 1205 1851 fallaci
1253 1808 1401 1874 quae
1449 1798 1576 1849 tum
1620 1789 1875 1872 primum
1923 1788 2114 1851 excita
2162 1810 2373 1852 somno

659 1967 668 1976 ,
752 1904 1058 1969 Desertam
1103 1908 1166 1969 in
1211 1904 1339 1968 80Ῑᾶ
1382 1906 1654 1968 miseram
1700 1924 1762 1967 Se
1809 1916 2008 1968 cernat
2052 1926 2246 1969 arena.

753 2024 1059 2087 Immemor
1105 2034 1165 2086 at
1210 2023 1437 2086 iuvenis
1484 2019 1717 2109 fugiens
1763 2021 1929 2108 pellit
1974 2020 2126 2085 vada
2170 2025 2362 2100 remiS,

753 2140 924 2204 Irrita
968 2150 1246 2203 ventosae
1292 2139 1564 2226 linquens
1610 2140 1904 2225 promissa
1948 2138 2254 2224 procellae.

756 2255 944 2340 Quem
988 2255 1197 2342 procul
1244 2278 1321 2319 ex
1367 2255 1496 2343 alga
1541 2257 1776 2319 maestis
1821 2255 2042 2319 Minois
2093 2255 2307 2332 ocelli8,
2378 2250 2388 2263 ’

755 2374 949 2439 Saxea
992 2385 1062 2437 ut
1106 2370 1326 2460 effigies
1370 2372 1727 2449 bacchantis,
1777 2374 2097 2459 prospicit,
2148 2373 2370 2451 euhoe,
2407 2413 2413 2419 ·

750 2492 1075 2579 Prospicit,
1125 2502 1183 2553 et
1228 2492 1453 2577 magnis
1503 2511 1774 2554 curarum
1819 2489 2069 2554 fluctuat
2114 2489 2318 2554 undis:

756 2607 893 2673 Non
935 2608 1093 2672 flavo
1139 2609 1393 2670 retinens
1441 2604 1714 2670 subtilem
1762 2608 1976 2670 vertice
2022 2609 2280 2684 mitram,

754 2725 894 2794 Non
941 2736 1205 2790 contecta
1248 2723 1363 2787 levi
1411 2722 1667 2786 velatum
1710 2733 1916 2809 pectus
1963 2725 2207 2802 amictu,

752 2842 891 2906 Non
932 2845 1102 2908 tereti
1149 2840 1420 2928 strophio
1469 2839 1744 2903 lactentes
1792 2841 1989 2903 vincta
2031 2822 2310 2928 papilla83

757 2958 966 3026 Omnia
1014 2981 1162 3046 quae
1210 2971 1338 3024 toto
1387 2933 1646 3044 delapsa⁸
1670 2978 1700 3020 e
1747 2977 1994 3044 corpore
2040 2962 2258 3047 passim

754 3077 947 3164 Ipsius
994 3087 1125 3140 ante
1170 3075 1349 3163 pedes
1397 3076 1614 3139 fluctus
1662 3074 1799 3139 salis
1847 3074 2202 3141 alludebant.
2526 3163 2533 3169 ⁵

759 3193 878 3259 Sed
923 3213 1112 3278 neque
1160 3204 1285 3256 tum
1326 3195 1558 3270 mitrae,
1608 3215 1796 3281 neque
1842 3205 1968 3259 tum
2012 3194 2295 3260 fluitantis
2340 3198 2577 3260 amictus

759 3312 859 3377 llla
904 3313 1087 3376 vicem
1133 3330 1360 3388 curans,
1409 3323 1539 3375 toto
1589 3331 1664 3376 ex
1707 3323 1764 3376 te
1808 3324 2076 3398 pectore,
2129 3310 2393 3388 Theseu,
